1936 3203
299 264 404 315 222
746 275 906 311 No‘rAE
950 275 1007 309 ΙΝ
1041 275 1146 309 Lm.
1187 275 1238 308 v„

403 651 673 704 NOTAE
711 650 799 703 IN
837 650 1152 704 LIBRUM
1192 649 1586 712 QUINTUM.

980 855 1033 895 A.

366 949 579 987 Minorum
602 945 802 1000 exposuit
832 945 1007 986 heroum
1046 960 1210 1000 pugnas
1232 953 1393 985 nostros
1414 954 1514 985 ante
1535 943 1679 984 oculos

313 1029 527 1069 Ossianes.
590 1025 788 1080 Phingali
812 1040 924 1066 nunc
946 1035 1073 1080 atque
1088 1024 1516 1079 Suarenicongressis
1534 1024 1682 1063 astitu-

317 1109 350 1148 ri
370 1121 515 1147 sumus
541 1123 550 1155 3
593 1107 831 1157 horumque
853 1114 1067 1145 certamen
1088 1104 1300 1158 sapienter
1322 1103 1651 1143 discriminatur.

999 1257 1046 1294 B.

375 1350 528 1390 Paucis
549 1349 774 1401 exequitur
794 1353 920 1402 poeta
940 1347 1199 1388 Caledonius
1216 1348 1365 1401 optimi
1388 1346 1498 1401 regis
1526 1346 1701 1386 laudes.

324 1430 643 1482 Agamemnona.
664 1436 784 1466 vocat
804 1426 995 1465 Priamus
1009 1426 1179 1466 beatum
1200 1427 1253 1465 ob
1275 1425 1367 1479 ejus
1388 1426 1530 1479 copias
1553 1440 1639 1479 pop
1657 1440 1701 1464 u-

338 1508 521 1561 lumque.
581 1505 630 1545 Π.
658 1511 748 1547 182.
809 1505 1021 1559 Populum
1040 1504 1107 1544 hic
1127 1505 1291 1544 Conna}
1313 1505 1365 1545 ob
1388 1506 1498 1558 regis
1519 1505 1703 1544 virtutes.

994 1657 1046 1695 C.

388 1752 493 1790 Rem
517 1757 646 1803 auget
667 1762 781 1787 suam
805 1748 1008 1788 Ossianes
1031 1750 1249 1800 poetarum
1275 1748 1315 1786 iu
1343 1761 1515 1786 morem.
1580 1745 1706 1785 Haud

333 1829 469 1868 credit
493 1829 603 1881 ipse,
625 1841 736 1881 quae
771 1827 931 1880 profert
967 1826 1100 1874 1nira3
1137 1840 1216 1865 nec
1250 1826 1367 1866 credi
1402 1840 1522 1879 posse
1557 1834 1709 1878 sperat.

334 1907 512 1946 Talibus
533 1907 572 1944 in
597 1906 784 1946 medium
809 1906 958 1955 allatis,
992 1906 1032 1944 id
1060 1920 1188 1944 unum
1210 1905 1438 1959 significat,
1475 1902 1705 1944 maximum

336 1985 465 2025 fuisse
488 1984 667 2023 duorum
690 1983 1010 2023 fortissimorum
1033 1997 1182 2036 regum
1203 1983 1432 2021 luctamen.

1004 2134 1059 2172 D.

398 2226 577 2265 Devicto
601 2225 802 2273 Suarene,
824 2224 1007 2278 vulgaris
1024 2225 1143 2278 operi
1160 2225 1286 2264 finem
1309 2225 1548 2277 imponeret
1570 2229 1706 2277 pob'ta.

345 2306 443 2344 Non
477 2304 535 2344 ita
567 2304 797 2354 Ossianes;
834 2302 1053 2358 majorque
1081 2303 1287 2358 Phingala
1309 2313 1449 2342 manet
1469 2302 1607 2342 adhuc
1630 2303 1713 2342 vic-

350 2385 469 2424 toria.

1013 2511 1061 2549 E.

393 2601 612 2656 Phingalis
628 2602 823 2642 admirati
837 2615 979 2641 sumus
991 2600 1283 2641 fortitudinem
1304 2615 1312 2639 t
1336 2599 1589 2639 admiremur
1602 2605 1644 2637 et
1656 2597 1718 2636 la-

352 2695 527 2735 crymas,
591 2682 732 2721 Homo
752 2690 841 2730 est;
866 2681 1002 2734 ipsum
1018 2689 1199 2734 tangunt
1218 2679 1422 2720 mortalia.
1462 2679 1559 2719 Non
1578 2686 1716 2717 tamen
