1936 3203
293 276 364 327 90
846 288 1179 333 PHINGALEIS,
1532 291 1630 326 ΠΒ.
1672 294 1726 327 11.

290 466 369 517 Ut
394 467 530 516 stetit
557 472 671 514 ante
696 465 857 513 oculos
884 466 1066 526 coram,
1092 472 1229 512 trans
1251 462 1480 514 membra
1499 464 1730 516 nitebant

291 563 484 614 Sidera:
513 559 941 630 praetendensque
955 577 1186 622 manum,
1203 560 1498 629 gemituque
1513 560 1726 625 locutus,

288 658 546 709 Praescius
573 655 785 705 exitium
809 654 1100 723 clademque
1125 656 1309 704 instare
1334 655 1560 705 canebat.

286 754 430 805 Hinc
456 770 545 817 ego
569 759 636 813 te⁷
662 750 904 818 princepS‚
932 749 1102 800 hortor
1128 769 1424 819 componere
1447 770 1640 819 pacem,

286 850 427 900 Teve
451 856 661 915 tuosque
684 846 842 914 plagis
867 846 946 894 vel
971 863 1108 895 nunc
1133 845 1408 896 subducere
1423 845 1615 897 Lenae.
1657 847 1724 898 65

355 943 434 994 Ut
449 943 585 993 stetit
602 950 719 991 ante
734 942 896 991 oculos
906 943 1090 1003 coram,
1099 948 1236 990 trans
1252 942 1481 992 membra
1497 942 1728 992 nitebant

286 1040 475 1101 Sidera,
501 1038 768 1106 suscipiens
793 1037 959 1105 inquit
985 1036 1221 1086 Semonia
1245 1037 1427 1104 proles:

286 1137 496 1205 Optime
522 1135 616 1197 vir,
646 1133 859 1195 Connal‚
886 1132 1025 1182 dictu
1051 1131 1282 1181 mirabile
1307 1149 1493 1181 narras.

284 1235 427 1292 Quin
454 1230 634 1279 cecinit
660 1228 880 1277 cladem:
921 1227 1021 1290 sed,
1049 1229 1136 1296 qu‘i
1157 1246 1239 1276 me
1263 1246 1480 1295 pangere
1505 1245 1681 1296 pacem

285 1327 403 1377 Hoc
430 1326 585 1391 adigis
612 1324 826 1385 monitu,
853 1324 891 1371 si
918 1323 1039 1391 quid
1064 1323 1159 1372 tibi
1184 1325 1396 1391 perculit
1423 1342 1580 1387 aures,
1658 1325 1727 1378 70

283 1422 653 1482 Ventus*erat,
671 1420 1039 1488 querulumque
1055 1420 1296 1467 ruentfim
1316 1436 1551 1469 murmur
1574 1436 1726 1487 aqua-

284 1517 442 1579 Quod
468 1517 506 1565 si
531 1515 701 1564 vidisti
725 1515 841 1562 vere
866 1522 925 1563 tu
952 1513 1183 1579 Crugalis
1208 1514 1463 1577 umbram,
1567 1518 1722 1577 [rum.

283 1613 427 1675 Quid
451 1621 568 1662 tuus
594 1610 696 1659 111ὶο
720 1609 880 1677 ipsam
906 1609 1104 1658 strictus
1130 1627 1231 1658 non
1258 1610 1415 1675 egerit
1440 1609 1605 1658 ensis?

282 1713 371 1761 An
398 1726 552 1778 quam
576 1707 865 1774 speluncam
890 1703 1081 1763 subeat,
1109 1723 1295 1773 quasve
1321 1713 1528 1774 occupet
1556 1707 1690 1755 aulas

282 1805 431 1856 Haec
445 1803 662 1853 hominis
680 1801 983 1862 facieS,mi1¹a
999 1800 1123 1849 haec
1138 1802 1244 1850 sine
1252 1819 1452 1870 corpore
1468 1801 1645 1863 forma,
1656 1803 1687 1855 ’7
1694 1804 1722 1852 5

284 1900 381 1951 Est
404 1899 500 1948 tibi
525 1895 848 1966 quaesitum?
910 1894 963 1943 Si
989 1895 1126 1962 queis
1151 1896 1303 1945 modo
1329 1894 1526 1944 sedibus
1552 1896 1722 1964 hospes

284 1997 542 2048 Praescius
569 1992 756 2042 accedit
785 1990 975 2056 Crugal
1000 1991 1193 2039 novisse
1219 1992 1400 2052 liceret,

285 2093 423 2143 Ense
449 2091 697 2158 minisque
724 2088 846 2137 meis
875 2095 1029 2147 actuS,
1057 2103 1184 2154 quae
1209 2093 1405 2153 pectore
1435 2095 1614 2147 servat,

280 2187 544 2239 Nudaret:
592 2185 772 2233 Verum
796 2183 923 2232 nihil
949 2190 1020 2231 est
1046 2181 1176 2250 quod
1201 2182 1419 2249 plurima
1443 2181 1599 2229 novit.

284 2284 519 2335 Substitit
544 2283 628 2331 hic
653 2280 816 2342 hodie,
844 2279 1083 2347 collesque
1108 2278 1386 2346 relinquere
1411 2284 1600 2325 nostros
1653 2279 1720 2327 80

281 2380 547 2449 Temporis
573 2377 712 2428 haud
736 2376 900 2446 potuit
925 2375 1082 2443 spatio
1109 2374 1364 2422 conclusus
1391 2373 1576 2441 iniquo.

283 2476 436 2526 Unde
462 2476 616 2542 igitur
641 2472 773 2524 norit
800 2487 927 2540 quae
952 2486 1121 2518 secum
1148 2468 1327 2517 funera
1351 2467 1554 2517 versat?

923 2611 944 2635 ³*
967 2609 1078 2653 Nota,
1102 2609 1151 2644 D.
