1936 3203
643 281 802 317 NoTAE
827 280 883 316 IN
910 280 1011 315 ΜΒ.
1040 279 1073 314 1.
1437 264 1541 316 203

168 471 246 497 ven
263 455 439 496 Gaelice
459 456 569 496 idem
591 463 669 506 est,
689 469 737 494 ac
755 454 788 493 si
811 452 959 493 Latine
981 451 1123 507 magni
1154 458 1318 492 montes
1338 450 1534 490 diceren-

167 545 210 576 tu
217 551 249 577 Γ,

818 679 876 718 H.

218 772 397 811 Malmor
420 786 537 811 mons
558 779 621 811 est
644 771 886 820 Morvenis;
919 770 1120 825 idemque
1151 777 1270 810 sonat
1300 784 1349 810 ac
1372 770 1535 824 ingenti

164 852 274 891 mole
298 865 430 891 mons.

824 999 857 1038 Ι.

219 1091 361 1135 Quam
380 1091 505 1141 varia,
521 1091 650 1146 quam
665 1090 820 1140 lucida,
838 1091 1051 1145 vitamque
1070 1090 1231 1143 spirans
1245 1097 1322 1139 est,
1343 1102 1451 1144 quae
1471 1103 1537 1129 se·

162 1171 305 1224 quitur
321 1171 500 1224 pictura,
521 1186 600 1211 ceu
625 1171 880 1225 conscriptio
901 1169 910 1210 !
936 1171 979 1209 Si
997 1178 1058 1209 tot
1080 1169 1247 1208 dissitos
1263 1169 1367 1209 locis
1388 1168 1535 1208 heroas

162 1250 202 1288 in
221 1264 335 1288 arma
349 1264 502 1304 cogere
517 1251 770 1305 suscepisset
789 1251 957 1291 Graiius
973 1251 1196 1299 Homerus,
1213 1249 1402 1289 infinitus
1415 1248 1536 1288 foret.

165 1330 270 1369 Rem
294 1331 440 1383 paucis
462 1331 660 1371 Ossianes
681 1332 908 1386 exequitur
926 1331 1129 1371 versibus.

818 1480 872 1518 K.

217 1570 309 1610 Fuit
331 1570 493 1609 Connal
528 1570 649 1610 heros
673 1570 932 1610 Caledonius
960 1570 1414 1626 conjunctissimusqae
1440 1571 1534 1612 Cu-

159 1649 352 1689 cliullini.
412 1650 581 1688 Patrem
604 1649 749 1689 habuit
771 1649 967 1704 Colgara.

810 1799 856 1838 L.

216 1891 314 1928 Dux
335 1899 422 1928 erat
446 1887 614 1927 Calmar
639 1903 662 1927 a
685 1887 893 1939 Conacta,
928 1904 1037 1943 quac
1062 1889 1293 1930 Hiberniae
1314 1891 1534 1944 provincia

159 1979 222 2008 est
243 1967 294 2007 ad
318 1969 543 2007 Occasum.
604 1967 722 2007 Illius
757 1977 879 2021 pater
907 1968 1127 2008 dicebatur
1144 1968 1304 2020 Matha,
1325 1969 1533 2025 sedesque

158 2049 277 2088 Lara.

816 2194 878 2234 M.

213 2286 383 2326 Cromla
423 2301 540 2327 mons
569 2295 631 2327 est
666 2285 879 2335 Ultoniae,
911 2299 1018 2339 quae
1052 2286 1284 2328 Hiberniae
1314 2290 1533 2342 provincia

156 2376 219 2407 est
250 2366 300 2405 ad
324 2366 594 2420 Aquilonem.
670 2367 794 2405 Mons
827 2367 905 2406 iste
936 2365 1124 2420 scopulis
1159 2368 1374 2423 antrisque
1407 2384 1530 2424 asper

159 2445 264 2484 miri¹
281 2445 417 2484 reddit
439 2460 621 2486 sonores.
655 2445 851 2485 Cromlae
866 2446 1094 2499 supercilio
1112 2447 1189 2486 sita
1207 2457 1296 2487 erat
1313 2463 1386 2488 arx
1402 2451 1532 2490 Tura.

813 2593 868 2633 N.

212 2684 333 2722 Mora
355 2683 587 2724 Hiberniae
623 2684 750 2738 plaga
785 2694 873 2735 est3
905 2685 1106 2742 idemque
1141 2689 1183 2728 in
1208 2690 1354 2730 Scotia
1374 2706 1525 2732 nomen

154 2762 350 2802 occurrit.
412 2764 506 2802 Nec
541 2762 715 2803 mirum:
748 2764 820 2817 qui
856 2765 1015 2806 etenim
1049 2780 1124 2807 nos
1156 2767 1264 2808 inter
1299 2778 1471 2823 gentem
1502 2771 1525 2809 a
