1936 3203
900 279 968 331 37

216 454 311 516 ille,
355 471 452 521 quo
491 453 595 502 sine
632 454 703 502 nil
743 471 990 520 magnum
1018 454 1310 505 audendum
1349 457 1636 525 iterumque

215 564 498 629 iterumque
536 570 706 610 monet
744 562 1156 630 prudentissimus
1183 562 1418 613 Connal?
1474 562 1636 613 Phin-

215 670 310 735 gal.
387 667 545 736 Cujus
575 669 686 737 jam
726 670 968 721 adventus
999 672 1222 721 infractis
1248 670 1531 720 Hiberniae
1557 689 1636 720 co·-

212 776 303 843 piis
328 777 478 825 unica
497 794 601 844 spes
627 784 698 826 est
723 779 891 828 salutis
911 779 935 828 ἶ)
1009 778 1284 846 Phingalis.
1359 779 1532 839 Quem
1554 778 1639 827 ad-

216 892 423 933 ventare
457 884 631 934 videns
662 885 871 948 Suaren,
911 888 1199 956 miserisque
1236 888 1424 935 instans
1450 884 1642 936 Hiber—

214 1010 406 1041 norum‘
422 993 658 1061 reliquiis,
685 1001 799 1055 stat,
822 1000 1053 1062 retroque
1079 994 1175 1043 fert
1194 993 1410 1061 pedem?
1485 994 1640 1043 Anne

216 1098 503 1165 Phingala?
596 1101 742 1163 Quis,
787 1099 925 1150 Golli
972 1102 1318 1170 obtemperans
1358 1100 1639 1162 ambitioni,

215 1207 412 1256 fidentis
438 1208 748 1275 praeclarum
775 1208 972 1276 aliquod
998 1208 1209 1270 efficere,
1248 1209 1289 1257 si
1322 1226 1521 1257 summa
1546 1206 1640 1256 sibi

215 1332 415 1381 pugnae
439 1314 789 1375 demandetur,
809 1315 913 1363 acie
931 1314 991 1363 ad
1011 1315 1241 1363 vicinum
1262 1314 1443 1363 secedit
1463 1323 1638 1363 tumu—

218 1421 343 1483 lum,
385 1421 698 1486 fugientibus
747 1422 962 1470 occurrit
1008 1420 1363 1483 Caledonibus,
1412 1422 1642 1470 hostilem

215 1528 383 1578 fundit
408 1529 695 1590 exercitum,
720 1528 944 1578 Suarena
960 1531 1135 1578 sternit
1160 1530 1322 1590 humi,
1348 1530 1642 1597 victumque

219 1636 372 1684 tradit
399 1636 818 1685 custodiendum?
893 1635 1008 1703 Ipse
1052 1636 1256 1705 quidem
1296 1655 1378 1685 rex
1404 1635 1637 1702 Phingal.

217 1744 316 1794 His
357 1762 471 1809 ergo
508 1743 909 1811 prominentibus
950 1745 1079 1793 notis
1138 1745 1280 1794 facile
1330 1744 1637 1810 dignoscitur

223 1851 437 1917 Phingal
461 1851 608 1918 hujus
635 1852 819 1901 heroici
844 1853 1086 1920 poematis
1111 1852 1316 1902 bellator
1341 1852 1605 1901 maximus,

293 2068 367 2115 At
392 2066 499 2127 hoc,
545 2074 1012 2135 quantumcunque,
1053 2085 1235 2135 parum
1278 2074 1362 2116 est.
1438 2064 1516 2114 Ut
1540 2067 1641 2133 pri-

221 2174 381 2235 mum,
422 2172 514 2221 sub
555 2172 756 2222 adverso
782 2191 1092 2241 progressum
1120 2176 1261 2237 clivo,
1291 2175 1515 2224 Suarena
1540 2191 1645 2222 sus-

220 2282 368 2348 pexit,
408 2282 572 2349 ipsum
600 2280 659 2329 ad
687 2299 774 2329 sua
799 2290 944 2330 vocat
987 2281 1234 2347 benignus
1260 2282 1508 2343 convivia,
1539 2282 1642 2348 ejus

222 2387 502 2437 recordatus
527 2405 757 2450 sororem,
774 2387 1153 2453 Agandaecam,
1170 2406 1324 2456 quam
1341 2389 1543 2456 juvenis
1570 2406 1647 2437 ar-

222 2502 377 2543 serat:
406 2495 627 2564 dumque
647 2495 739 2545 sub
755 2504 955 2545 noctem
972 2497 1194 2564 quiescit,
1217 2513 1384 2545 coram
1404 2503 1501 2545 stat
1516 2496 1644 2564 ejus-

223 2602 338 2652 dem
364 2604 698 2669 Agandaecae
722 2602 942 2666 Umbra,
969 2622 1113 2654 suam
1138 2605 1362 2672 proxima
1387 2604 1642 2655 trucidan—

223 2712 340 2762 dam
366 2710 445 2761 die
470 2720 672 2777 gentem
686 2713 955 2781 plorantis3
1002 2721 1151 2781 atque
1192 2712 1265 2760 his
1307 2711 1386 2761 ille
1413 2713 1643 2779 lacrymis

920 2799 951 2832 E
