1936 3203
304 269 404 319 102
854 282 1183 329 PHINGALEIS,
1543 282 1642 318 ΜΒ.
1672 283 1725 317 11.

299 456 392 508 Μ6
419 457 691 508 Cuchullin
719 459 803 520 ait,
830 475 1014 524 magno
1041 458 1255 508 Semone
1280 464 1488 521 creatus,

301 551 476 622 Usque
502 553 625 602 adeo
651 552 888 615 invisum,
917 551 1130 615 Connal,
1157 552 1367 602 victoria
1393 552 1539 618 fugit,

303 648 731 718 Quandoquidem
756 648 876 697 coeli
887 647 1114 715 jucundo
1139 648 1330 698 lumine
1356 656 1405 697 et
1432 648 1563 698 auris

303 742 573 793 Nudaram
600 744 630 774 ³¹⁶
639 744 900 810 juvenem,
927 743 1029 793 fato
1055 761 1339 809 congressus
1367 742 1568 793 acerbo:

300 840 572 906 Quemque
588 839 767 888 Amun
784 838 959 904 genuit
974 838 1099 887 nulli
1113 838 1302 887 virtute
1317 838 1576 900 secunduS,
1612 837 1715 888 545

301 930 480 994 Ferda,
506 931 600 981 tibi
626 932 851 981 vinclum
877 932 983 980 veri
1008 949 1090 980 me
1115 932 1277 981 vinxit
1304 933 1496 983 amoris.

298 1025 419 1089 Dic,
448 1045 553 1093 age,
580 1035 694 1077 tum
711 1025 924 1089 Connal,
950 1027 1046 1089 dic,
1072 1029 1103 1076 ὃ
1129 1026 1365 1078 Semonia
1388 1029 1558 1096 proles,

299 1123 406 1181 Qui
427 1122 528 1172 dux
554 1122 787 1172 occiderit
813 1122 926 1172 felix
952 1122 1230 1188 insignibus
1258 1123 1445 1173 armis?

299 1214 441 1265 Nam
465 1216 509 1267 F
511 1217 685 1268 erdam
707 1218 843 1280 novi,
869 1234 1106 1284 generoso
1132 1218 1376 1283 sanguine
1397 1225 1578 1267 natum

298 1313 520 1362 Amunis
543 1335 552 1362 z
593 1314 749 1363 nituit
774 1314 951 1376 forma,
978 1314 1117 1362 velut
1141 1312 1369 1362 imbrifer
1396 1331 1549 1363 310115.
1615 1316 1719 1365 550

367 1406 492 1457 Mox
517 1410 588 1458 ita
616 1407 915 1458 Cuchullin:
957 1407 1160 1457 devenit
1187 1407 1249 1456 ab
1274 1407 1463 1457 Albine
1489 1407 1651 1457 Ferda

297 1500 472 1553 Littus
500 1504 563 1552 ad
587 1503 851 1554 Ullineum
873 1525 887 1564 3
927 1512 1132 1553 centum
1158 1503 1463 1553 convallibus
1488 1521 1619 1553 unus

298 1596 586 1664 Regnabat,
613 1598 858 1668 Murique
885 1600 1006 1649 aulis
1033 1600 1252 1648 exercuit
1277 1617 1462 1648 ensem.

296 1692 379 1743 Mi
407 1695 504 1744 fuit
526 1703 641 1744 ante
668 1696 783 1744 alios
809 1695 1018 1754 cliarus3
1045 1713 1205 1744 comes
1234 1694 1429 1744 additus
1455 1693 1593 1743 ibam
1614 1696 1715 1746 555

301 1788 556 1849 Venanti3
596 1809 787 1840 consors
812 1792 864 1840 in
891 1792 1020 1840 saltu
1046 1792 1198 1840 lectus
1224 1789 1459 1840 1131161131.

297 1883 500 1951 Degyla
517 1889 617 1953 quo
632 1904 909 1935 memorem
926 1903 1228 1953 causamque
1245 1894 1494 1953 caputque
1509 1884 1715 1934 doloris?

298 1979 530 2029 Carberis
556 1998 678 2029 uxor
702 1988 808 2029 erat
834 1980 1020 2046 Degyl,
1047 1979 1235 2028 ditione
1260 1980 1529 2046 prementis

294 2076 537 2126 Ardvena
562 2076 792 2126 ductoris.
870 2076 1020 2125 Stetit
1046 2075 1173 2123 illius
1199 2091 1281 2123 ore
1306 2082 1538 2123 venustas

295 2170 556 2232 Plurima3
582 2172 666 2222 sed
680 2172 845 2240 posuit
869 2171 962 2221 sub
988 2169 1131 2219 corde
1155 2167 1386 2236 superbia
1410 2168 1591 2218 sedem.
1612 2169 1716 2220 560

296 2267 529 2336 Deperiit
554 2271 701 2337 porro
722 2267 991 2336 fulgurque
1015 2265 1262 2332 decusque
1278 2263 1537 2331 juventae,

294 2362 512 2414 Ferdam
537 2363 865 2415 Amuniaden
885 2383 898 2422 ;
938 2362 1176 2430 dixitque,
1204 2378 1346 2410 exosa
1370 2361 1629 2409 maritum.

365 2457 454 2510 Da
478 2461 606 2509 mihi
633 2458 950 2525 †dimidium
974 2456 1225 2506 tondentis
1245 2473 1442 2524 pascua,
1462 2455 1668 2518 Carber,

295 2556 534 2605 Armenti
558 2577 570 2614 3
610 2557 936 2624 linquamque
955 2561 1082 2615 tuas,
1111 2554 1188 2602 vir
1213 2553 1420 2615 inutilis,
1450 2553 1605 2602 aedes.

294 2648 435 2698 Tolle
452 2669 612 2702 moras
629 2668 821 2705 omnes;
848 2666 968 2699 nam
985 2648 1080 2697 fert
1096 2649 1168 2697 ita
1187 2648 1331 2698 corde
1346 2649 1589 2698 voluntas
1609 2647 1710 2698 565

747 2792 768 2814 *
799 2790 911 2831 Nota,
933 2789 973 2824 P.
1079 2790 1101 2825 †
1132 2790 1177 2828 Q.
