1936 3203
952 273 1016 322 18

276 448 521 499 blandum
540 449 685 498 enixa
699 456 770 497 est
784 446 1077 515 Virgilium,
1102 467 1240 518 spem
1266 451 1487 500 alteram.
1529 450 1694 511 Quid-

275 559 330 606 ni
369 574 485 621 ergo
517 556 747 621 genuerit
784 554 1050 606 Ossianem
1091 565 1235 607 vetus
1285 557 1574 623 Caledonia,
1608 560 1696 628 qui

275 665 373 714 suis
397 672 670 733 praestaret
690 664 1012 727 carminibus,
1037 672 1112 728 ut,
1140 683 1356 735 quorum
1369 667 1596 716 victricia
1618 685 1695 716 re-

275 779 495 846 pulimus
532 779 648 841 tela,
672 797 766 828 nec
789 779 902 846 ipsis
929 777 1202 828 admodum
1225 779 1416 844 ingenii
1441 779 1695 847 splendore

279 885 451 934 cedere
475 885 764 936 videremur
779 886 803 935 Ρ

327 1100 677 1169 Respublicae,
698 1118 976 1170 regumque
990 1100 1200 1150 ditiones
1216 1101 1455 1165 maribus,
1469 1101 1696 1153 flumini-

275 1209 367 1258 bus
394 1226 450 1257 ac
474 1206 730 1258 montibus
754 1207 990 1257 definitae
1027 1215 1161 1270 sunt,
1200 1209 1359 1258 veluti
1396 1208 1699 1277 quibusdam

275 1317 453 1376 metis3
479 1315 741 1383 posuitque
765 1312 910 1364 Deus
933 1315 1292 1365 florentissimis
1318 1334 1514 1384 quoque
1533 1316 1697 1382 regnis

275 1432 464 1474 statuta
487 1441 656 1473 rerum
681 1431 921 1490 tempora.
997 1420 1119 1472 Non
1145 1423 1220 1471 his
1244 1431 1416 1472 tamen
1454 1423 1698 1474 limitibus

274 1531 614 1579 terminantur
651 1530 862 1578 virtutes
902 1548 959 1578 ac
996 1530 1136 1579 vitia.
1236 1528 1519 1580 Nobiscum
1561 1531 1698 1580 enim

276 1639 541 1707 pullulant,
566 1636 858 1705 ubicunque
883 1653 1087 1694 sumus3
1132 1637 1518 1705 humanumque
1542 1654 1699 1702 genus

275 1747 329 1795 in
357 1762 539 1793 aevum
564 1751 857 1811 sequuntur.
933 1742 1209 1793 Poetarum
1247 1751 1419 1792 autem
1457 1752 1544 1806 est,
1579 1763 1699 1812 quos

275 1851 498 1913 laudant,
518 1849 785 1915 magnifice
802 1849 1005 1899 laudare
1023 1871 1036 1909 ;
1052 1851 1381 1918 omniumque
1401 1859 1471 1900 est
1489 1851 1552 1901 ab
1572 1852 1629 1900 iis
1650 1871 1699 1902 se

279 1967 516 2021 avertere,
544 1976 671 2026 quae
695 1959 864 2007 minus
903 1959 956 2006 in
996 1958 1166 2006 amicis
1196 1957 1404 2023 fulgent.
1482 1958 1537 2008 Si
1576 1961 1697 2028 quid

278 2068 415 2117 domi
439 2067 712 2116 militiaeve
737 2066 912 2128 niteat,
940 2073 1089 2133 atque
1116 2065 1167 2113 in
1193 2082 1357 2114 unum
1382 2064 1507 2114 belle
1534 2067 1699 2116 confe-

280 2184 452 2235 ratur3
492 2182 542 2223 et
567 2174 630 2224 ab
656 2193 728 2236 eo,
754 2174 836 2223 cui
860 2173 1120 2234 tribuitur,
1145 2189 1294 2221 omne
1320 2172 1568 2222 recidatur
1601 2175 1697 2222 mi-

279 2301 374 2333 nus
399 2282 588 2332 habens
614 2282 816 2344 decoris,
843 2300 905 2330 en
927 2279 937 2329 !
980 2299 1156 2343 mores,
1202 2298 1321 2348 quos
1346 2280 1577 2330 describit
1602 2281 1699 2331 Os-

279 2392 436 2440 sia-nes
459 2412 473 2450 3
512 2408 574 2439 en
598 2391 728 2440 illius
754 2389 989 2454 Phingal,
1016 2406 1167 2457 quem
1191 2389 1610 2456 praestantissimo
1635 2390 1698 2439 si-

280 2500 453 2547 milem
490 2498 691 2548 numini
735 2495 983 2565 depinxit!
1027 2495 1224 2555 Quidni
1263 2495 1575 2545 venerandus
1623 2515 1697 2546 se-

280 2624 391 2667 nex,
449 2615 676 2657 strenuus
724 2604 945 2667 bellator,
994 2612 1142 2653 natus
1193 2612 1353 2672 poeta,
1408 2602 1696 2652 Bardorum

282 2711 505 2763 imbutus
544 2712 956 2775 institutionibus,
995 2729 1293 2775 memoranS,
1328 2729 1454 2781 quae
1480 2710 1694 2776 cognati,
