1936 3203
266 268 332 322 72
817 290 1146 336 PHINGALEIS,
1527 291 1627 335 μΒ,
1656 291 1689 328 1e

262 468 392 517 Arte
415 470 583 536 polita,
608 469 767 537 praeit
791 477 957 530 temo3
995 472 1123 520 nitet
1147 487 1280 519 ossea
1303 469 1452 533 sedes,

261 562 489 613 Advehit
517 583 573 613 ac
598 565 788 632 clypeos
813 583 1047 634 ensesque
1071 567 1334 635 hastasque
1357 566 1600 634 virosque.

333 659 571 709 Cernitur
598 660 660 709 ad
685 652 927 724 dextram,
953 680 1186 728 generoso
1211 662 1453 727 sanguine
1478 661 1688 720 fervens,

259 753 448 804 Fuscus
458 764 876 825 equus‚tergoque
891 758 1069 819 nitens,
1088 756 1392 825 Sifaddaque
1407 756 1569 806 dictus
1585 757 1690 808 556

258 848 509 915 Erigenis.
532 849 727 900 Fremit
742 852 822 901 ille
844 872 857 912 3
867 851 1147 920 jubamque
1163 851 1256 901 sub
1265 852 1466 900 aethera
1474 859 1688 921 quassat,

257 944 467 994 Arduus
494 953 745 996 ostentans
770 955 940 1016 pectus
963 969 977 1008 3
1015 964 1258 1016 passuque
1281 946 1519 1015 superbit,

255 1038 574 1109 Insultatque
600 1044 724 1092 solo:
766 1044 912 1111 pulsu
938 1045 1096 1110 gemit
1122 1044 1280 1092 excita
1304 1044 1462 1092 tellus.

255 1135 511 1187 Funditur
537 1139 636 1187 huc
660 1140 777 1188 illuc
803 1157 1000 1189 summo
1027 1158 1169 1189 coma
1192 1139 1394 1201 vertice,
1425 1155 1514 1187 ceu
1540 1155 1667 1207 quae

254 1230 502 1282 Palantur
526 1234 740 1284 nebulae
765 1235 957 1285 deserta
981 1254 1068 1304 per
1094 1236 1193 1284 alta
1218 1235 1452 1283 ferarum.
1586 1233 1685 1284 541

253 1327 408 1378 Parte
433 1329 525 1379 sub
552 1330 755 1380 adversa
781 1332 1026 1380 cervicem
1049 1339 1249 1399 torquet
1274 1331 1326 1378 in
1353 1347 1525 1378 arcum

252 1422 576 1484 Dusronna13
615 1427 868 1494 repletque
893 1427 1025 1476 ferox
1051 1426 1331 1477 hinnitibus
1358 1443 1516 1475 auras.

252 1517 397 1567 Huic
421 1521 585 1569 tenuis
603 1520 747 1587 juba,
774 1521 946 1570 vivida
970 1523 1044 1571 vis
1070 1529 1158 1583 est,
1184 1521 1376 1586 ungula
1401 1520 1554 1581 fortis,

251 1613 346 1664 Pes
374 1617 549 1678 alacer,
575 1634 722 1666 nasus
747 1617 956 1665 maculis
981 1616 1186 1681 insignis
1213 1624 1261 1664 et
1287 1615 1412 1664 albo.
1583 1616 1685 1667 545

192 1693 195 1696 ‚
251 1708 518 1759 Montibus
544 1712 596 1759 in
623 1712 794 1778 patriis
820 1720 1095 1777 generatos,
1124 1711 1336 1760 aetheris
1362 1729 1483 1760 aura

250 1802 432 1853 Purior
457 1806 543 1854 hos
570 1807 704 1854 intus
730 1807 868 1854 miris
896 1807 999 1871 agit
1026 1806 1226 1871 ignibus
1255 1806 1418 1855 ambo.

323 1899 504 1948 Ardua
529 1899 661 1948 radit
687 1901 781 1948 iter
807 1908 1112 1968 centumque
1138 1902 1347 1949 coercita
1371 1902 1545 1950 vinclis

254 1992 403 2043 Haec
427 2012 559 2043 nova
584 1994 819 2060 bigarum
845 1995 1008 2058 facies,
1035 2014 1165 2045 nova
1189 1998 1426 2046 machina
1450 1997 1580 2046 belli.

252 2088 357 2138 Ore
383 2090 653 2139 citatorum
678 2091 966 2158 spumantia
992 2090 1165 2140 fraena
1191 2092 1412 2141 relucent
1578 2094 1684 2144 550

247 2185 684 2253 Quadrupedumg
711 2185 993 2255 luduntque
1020 2187 1116 2237 alte
1144 2206 1232 2256 per
1259 2189 1380 2237 colla
1404 2207 1491 2256 per
1518 2206 1679 2238 armos

247 2278 501 2329 Gemmea
530 2281 646 2331 lora.
710 2279 897 2330 Ruunt
919 2280 1080 2348 bijugi
1110 2300 1196 2350 per
1231 2292 1401 2351 aperta
1420 2284 1656 2347 locorum,

249 2372 461 2423 Concita
485 2374 782 2424 flaminibus
809 2376 972 2425 veluti
997 2384 1128 2425 secat
1157 2377 1361 2426 aethera
1389 2377 1574 2427 nubes:

248 2465 391 2516 Nam
428 2470 563 2518 cervi
587 2469 771 2531 feritas,
800 2470 1093 2538 aquilaeque
1119 2479 1189 2519 est
1209 2472 1423 2539 impetus
1448 2473 1540 2521 illis

249 2559 606 2629 Praecipitanffi
630 2581 875 2632 cursuque
884 2564 1263 2626 freinunt‚velut
1278 2566 1479 2615 horrida
1491 2567 1680 2632 grando

252 2655 413 2706 Gorm
424 2659 507 2705 alis
531 2659 581 2707 in
605 2659 742 2707 clivis
764 2659 972 2728 crepitat
989 2658 1080 2709 sub
1097 2659 1280 2725 frigora
1297 2660 1537 2712 Brumae,
1578 2663 1682 2720 556,
