1936 3203
546 592 712 635 LIBRI
763 596 963 634 TERTII
1011 597 1122 635 ARG
1134 597 1436 636 UMENTUM.

317 953 405 990 Cum
415 950 596 1002 prolatum
614 962 751 987 carmen
774 950 979 987 Cuckullini
989 950 1191 1000 placuisset,
1210 956 1327 1001 gestas
1357 952 1395 988 in
1424 952 1593 990 Lochline
1622 964 1676 988 res

360 1025 566 1076 Phingalis,
585 1023 699 1061 adhuc
714 1024 876 1073 juvenis,
906 1022 1123 1075 virginisque
1155 1025 1391 1076 Agandaecae
1403 1027 1544 1076 fatum,
1573 1039 1677 1077 roga·

359 1105 417 1137 tus
445 1098 569 1136 recinit
601 1096 734 1136 Carril.
844 1098 908 1134 Vix
932 1097 1075 1147 quiescit
1102 1098 1144 1143 is,
1179 1097 1240 1135 ubi
1274 1097 1429 1143 Calmar,
1463 1098 1679 1147 Matlzaefi-

359 1169 441 1215 lius,
452 1169 634 1220 primique
650 1170 705 1208 vel
720 1176 843 1207 auctor
852 1169 999 1220 praelii,
1018 1170 1221 1208 vulneratus
1237 1172 1374 1209 devenit
1390 1172 1464 1209 acie
1474 1188 1490 1216 ;
1518 1173 1679 1209 nunciat-

359 1257 426 1294 que
442 1245 484 1281 εὸ
501 1245 641 1282 tendere
661 1247 834 1290 Sumena,
854 1237 894 1282 ia
911 1245 1064 1296 reliquas
1096 1246 1294 1284 Hiberniae
1323 1247 1443 1298 copias
1472 1247 1679 1297 improvisus

359 1318 547 1368 opprimat.
602 1321 648 1356 Se
664 1325 779 1357 autem
797 1319 974 1370 significat
991 1320 1077 1358 velle
1094 1334 1226 1358 omnem
1243 1321 1352 1359 hostis
1381 1322 1547 1372 impeturn
1574 1322 1678 1359 susti-

359 1405 454 1437 nere,
472 1393 556 1429 dum
572 1392 630 1429 sui
645 1407 682 1431 se
698 1394 736 1430 in
753 1399 867 1430 tutum
884 1395 1068 1445 recipiant.
1121 1396 1222 1432 Huic
1251 1409 1287 1432 se
1299 1395 1470 1447 facinori
1497 1395 1598 1432 addit
1625 1408 1680 1432 so·

358 1465 450 1502 cium
473 1466 670 1503 Cuclzullin.
722 1468 863 1505 Exortci
880 1471 964 1519 jam
995 1469 1081 1515 luce,
1104 1470 1304 1507 vulneribus
1327 1471 1513 1519 confiectuS,
1537 1469 1681 1507 Calmar

359 1539 519 1576 moritur.
570 1540 750 1591 Erigenas
776 1542 961 1587 insecutus,
988 1544 1081 1580 videt
1103 1545 1240 1581 Suaren
1261 1543 1470 1594 Plzingala;
1502 1544 1682 1594 ipsumque

352 1613 444 1663 petit
460 1619 531 1650 toto
548 1614 699 1664 agmine.
755 1616 808 1652 Ob
828 1616 960 1654 cladem
979 1623 1126 1654 moestus
1157 1618 1193 1654 T
1191 1618 1260 1655 urci
1279 1631 1315 1654 se
1331 1618 1449 1654 condit
1484 1616 1680 1654 Cuclzullin.

359 1688 591 1726 Loclzlinidas
608 1689 752 1727 interim
769 1698 950 1742 oppugnat
969 1692 1133 1742 Phingal
1142 1706 1152 1729 :
1178 1699 1227 1737 at,
1247 1693 1400 1730 instante
1412 1699 1521 1738 nocte,
1535 1692 1682 1730 'victoria

358 1763 533 1813 differtur.
589 1764 735 1808 oscam,
754 1771 910 1815 nepotem
939 1765 1063 1802 laudat
1090 1767 1272 1817 edocetque
1302 1780 1375 1804 rex.
1429 1767 1599 1804 Suarenis
1625 1779 1686 1803 ex·-

353 1836 536 1886 ploratum
555 1837 735 1874 molimina
754 1839 940 1876 mittuntur
965 1840 1137 1877 Follanus
1155 1847 1259 1891 atque
1280 1841 1402 1878 Oscar.
1455 1842 1575 1891 Rogat
1604 1841 1686 1877 inde

362 1910 500 1955 Gollus,
520 1910 770 1960 Mornifilius‚
790 1918 828 1948 ut
840 1914 1023 1962 proximae
1038 1927 1171 1950 summa
1182 1927 1328 1964 pugnae
1344 1927 1380 1951 ,se
1390 1927 1498 1964 penes
1514 1914 1559 1950 sit
1570 1930 1585 1957 ,-
1618 1926 1683 1950 an-

361 1984 506 2035 nuitque
524 1984 687 2035 Phingal
699 2001 714 2028 ,-
745 1987 817 2036 qui,
830 1987 1042 2038 priusquam
1059 2002 1094 2024 se
1111 1989 1173 2025 dat
1199 2002 1330 2033 somno,
1358 1988 1592 2038 Agandaecae
1621 1989 1682 2025 ab·

359 2064 487 2096 sentem
514 2059 681 2097 Umbram
699 2061 840 2110 affiztur.
898 2062 998 2104 Quae
1025 2062 1149 2100 tertiae
1171 2068 1252 2100 sunt
1271 2063 1344 2100 diei
1365 2062 1522 2113 pulchra
1551 2063 1586 2100 in
1612 2076 1681 2113 pa-

360 2137 446 2169 trem
458 2133 592 2183 pietate
608 2131 784 2172 concludit
806 2136 980 2174 Ossianes.
