1936 3203
263 281 367 332 150
794 290 1125 335 PHINCALEIS,
1487 287 1584 320 ΠΒ.
1604 286 1673 321 lv.

333 469 378 521 F
381 468 578 519 ervidus
604 467 869 516 adversum
894 464 1138 533 prospexit
1162 461 1412 527 Phingala
1438 460 1648 523 Suaren‚

265 564 631 632 Continuitque
647 561 861 627 gradum
880 581 894 620 3
918 568 1188 629 torvusque
1204 558 1392 607 innisus
1413 557 1465 606 in
1481 557 1681 606 hastam

263 659 495 711 Lumina
518 677 605 726 per
630 659 792 706 latum
816 657 957 705 torsit
981 655 1251 721 flagrantia
1275 670 1514 721 campum
1537 672 1551 712 3

264 755 440 823 thue
465 755 638 802 haeret
661 752 842 800 tacitus
868 750 1281 819 nisuqueinfixus
1306 749 1498 811 eodem,

263 850 555 901 Immanem
581 847 836 896 assimulat
860 863 1118 914 quercum,
1144 863 1270 914 quae
1294 845 1487 894 saecula
1511 844 1634 892 vicit

263 943 486 996 Lubaris
515 943 576 992 ad
601 944 781 1012 ripam,
806 941 1097 1010 nudataque
1123 940 1334 990 fulmine
1358 958 1519 989 ramos
1576 940 1682 990 500

262 1039 528 1091 Incumbit
549 1039 781 1107 lymphis.
860 1037 1032 1087 Canus
1058 1036 1145 1086 dat
1170 1035 1312 1085 sibila
1336 1053 1552 1097 muscus,

263 1134 355 1185 Nil
379 1136 514 1184 secus
542 1153 598 1183 ac
621 1135 783 1183 ventis
807 1134 934 1202 passi
957 1152 1044 1202 per
1067 1142 1295 1202 tempora
1319 1133 1491 1181 crines,

265 1231 500 1281 Substitit
525 1230 664 1279 haud
689 1230 846 1292 aliter,
873 1230 1032 1279 fuscas
1058 1230 1112 1278 in
1138 1228 1285 1278 fortia
1309 1245 1506 1296 parmas

264 1325 463 1376 Praelia
487 1343 569 1374 rex
596 1343 788 1391 cogens,
816 1326 1038 1383 Suaren3
1076 1324 1385 1392 paulumque
1410 1329 1647 1383 1n01·atus‚

267 1422 618 1487 Sanguineum
641 1420 834 1470 scandit
859 1421 1062 1470 clivum.
1141 1418 1289 1469 Stant
1313 1417 1469 1466 millia
1495 1417 1685 1465 circum

190 1524 192 1528 ⁴
265 1516 438 1567 Multa
463 1516 660 1579 ducem,
688 1534 1025 1585 campumque
1050 1514 1242 1565 umbris
1268 1511 1555 1579 ingentibus
1588 1512 1683 1560 im—

405 1613 556 1680 plent.

336 1707 449 1775 Ipse
474 1725 582 1756 suos
609 1707 757 1769 inter,
783 1707 905 1756 coeli
930 1724 1020 1755 ceu
1046 1706 1215 1774 purior
1241 1704 1386 1770 ignis,

266 1800 513 1866 Fulgebat
538 1818 757 1868 proceres
783 1799 1028 1866 Phingal:
1069 1807 1177 1867 post
1201 1807 1343 1864 terga
1366 1797 1625 1866 premebat

267 1894 432 1945 Laeta
458 1913 638 1944 manus
654 1895 905 1961 juvenum
932 1895 1090 1954 bello;
1116 1894 1450 1961 mandataqae
1470 1892 1683 1942 fundens

264 1990 446 2056 Regia,
473 2008 556 2039 rex
581 1990 762 2058 inquit,
789 2008 902 2040 mea
927 1991 1067 2056 signa
1085 1990 1291 2038 attollite
1311 1989 1362 2037 in
1381 1989 1554 2037 altum.
1577 1989 1683 2039 510

264 2086 364 2137 Per
389 2084 595 2136 Lenam
620 2086 844 2148 rutilent,
870 2085 1028 2134 veluti
1052 2102 1196 2152 super
1222 2101 1435 2151 aequora
1459 2083 1599 2150 ponti

263 2181 354 2230 Vis
392 2180 663 2241 fiammae3
702 2181 1044 2249 crepitentque
1070 2181 1218 2242 auriS,
1262 2196 1587 2248 pugnamque
1613 2179 1684 2227 la-

407 2285 613 2326 cessant.

264 2372 404 2431 Quos
430 2372 531 2421 huc
555 2373 816 2434 miserunt,
843 2371 1183 2421 fremebundis
1208 2370 1402 2420 concita
1425 2369 1659 2438 lymphis,

261 2466 515 2529 Flumina,
541 2485 727 2535 perque
752 2485 897 2516 cavas
924 2474 1128 2515 centum
1148 2464 1369 2515 labentia
1392 2465 1558 2527 valles,

263 2558 368 2610 Ore
394 2561 574 2623 favete,
600 2579 769 2611 omnes
793 2582 806 2621 3
845 2559 1070 2626 gladium
1086 2560 1173 2628 qui
1187 2559 1313 2609 tollis
1330 2566 1552 2621 acutum,
1578 2560 1684 2611 320

265 2654 428 2717 Golle,
455 2674 610 2706 manu
636 2677 648 2715 3
687 2657 823 2707 bellis
848 2656 1006 2706 Oscar
1033 2653 1323 2707 celebrande
1346 2676 1360 2715 ;
1398 2654 1633 2706 decorum
