1936 3203
973 277 1040 326 22

295 452 469 503 stabile
516 460 713 521 putant,
757 451 889 520 quod
937 451 1185 514 scribitur,
1235 469 1335 502 non
1384 453 1524 516 item,
1581 455 1713 523 quod

292 578 412 611 voce
443 560 675 624 traditur,
710 559 847 609 haud
873 560 1282 610 animadvertunt
1308 561 1590 610 litterarum
1614 569 1712 611 sta-

292 668 540 720 bilitatem
583 669 849 718 hominum
873 668 1023 718 inniti
1048 668 1227 731 studio,
1254 669 1394 737 quasi
1418 669 1566 719 unico
1596 670 1711 719 fun-

291 776 544 840 damento,
589 794 686 845 quo
724 784 926 839 semot0‚
974 785 1139 827 totum
1178 778 1364 827 corruit
1409 777 1707 828 aedificium.

292 881 405 934 Nec
420 885 558 934 enim
577 885 770 934 litterae
796 884 917 954 quid
941 885 1081 935 nobis
1108 903 1165 933 ex
1190 903 1239 933 se
1264 884 1563 951 significant,
1591 903 1709 935 cum

289 1013 429 1046 mera
448 997 546 1045 sint
561 997 718 1062 signa,
745 995 924 1065 quibus
944 995 1187 1056 homines,
1209 995 1538 1044 conventione
1558 995 1707 1058 facta,

289 1106 555 1154 voluerunt
581 1104 702 1173 quid
727 1103 963 1153 indicare.
1039 1101 1197 1163 Hinc,
1218 1102 1257 1150 si
1282 1119 1368 1169 per
1384 1110 1589 1151 centum
1615 1103 1708 1151 cir-

288 1212 410 1261 citer
436 1230 587 1261 annos
612 1211 904 1277 neglexisset
942 1210 1229 1259 humanum
1268 1227 1424 1275 genus
1464 1210 1708 1277 conscrip-

285 1327 359 1370 tos
384 1319 495 1387 jam
533 1319 695 1382 libros,
734 1319 804 1381 hi,
844 1318 1002 1394 yeluti
1027 1318 1226 1385 lapides,
1266 1335 1457 1385 semper
1495 1317 1709 1366 contice-

284 1437 395 1477 rent
418 1449 431 1486 3
470 1428 695 1495 nihilque
723 1425 838 1475 inde
864 1425 1192 1485 disceremus3
1234 1426 1489 1494 quoniam,
1516 1425 1555 1473 si
1579 1425 1707 1489 ignis

284 1543 333 1584 et
374 1553 504 1604 aqua
539 1543 837 1602 tempusque
875 1551 1046 1582 rerum
1085 1532 1208 1582 edax
1247 1533 1322 1582 his
1359 1533 1705 1600 pepercissent,

281 1661 382 1693 non
428 1642 638 1711 amplius
685 1648 858 1689 tamen
908 1640 1316 1705 intelligerentur.
1391 1637 1627 1701 Proinde,
1666 1638 1707 1687 si

281 1751 489 1818 scriptis,
515 1748 784 1798 vocibusve
823 1746 1099 1808 erudimur,
1139 1746 1189 1795 id
1228 1747 1495 1795 hominum
1539 1763 1703 1808 curae,

280 1866 434 1908 semet
454 1857 825 1924 excipientium,
847 1853 1198 1921 doctrinaeque
1218 1852 1471 1902 debemus.
1511 1853 1702 1913 Quare,

278 1967 318 2016 si
344 1965 551 2033 majores
577 1963 731 2013 nostri
755 1963 809 2011 in
834 1960 885 2010 id
916 1960 1272 2022 incubuissent,
1298 1968 1372 2021 ut,
1414 1976 1541 2027 quae
1565 1959 1699 2008 voci-

277 2074 369 2124 bus
395 2075 665 2124 hauserant
690 2071 798 2140 ipsi,
838 2069 897 2119 ad
938 2087 1063 2119 seros
1101 2086 1256 2137 usque
1295 2076 1495 2136 nepotes
1536 2074 1698 2117 trans-

276 2184 614 2245 mitterentur,
639 2181 733 2230 hoc
757 2179 965 2229 omnino
986 2178 1180 2228 efficere
1203 2185 1489 2245 potuerunt.

345 2395 625 2447 Librorum
657 2413 744 2445 nos
783 2390 1108 2443 multitudine
1146 2389 1444 2447 obruimur3
1483 2388 1695 2458 ideoque

271 2506 432 2555 nescio
458 2506 557 2573 qua
581 2503 854 2553 memoriae
868 2497 1173 2550 hebetudine
1188 2497 1484 2547 laboramus.
1551 2496 1594 2547 F
1596 2496 1692 2547 idi-

272 2629 383 2661 mus
414 2612 564 2674 libris,
609 2610 909 2661 memoriam
941 2606 1278 2673 negligimus3
1324 2621 1478 2673 quam
1519 2612 1693 2654 tamen

270 2719 488 2771 discendi
516 2719 702 2782 ardore,
728 2718 818 2769 ubi
841 2717 913 2767 nil
940 2714 1074 2766 aliud
1099 2712 1397 2782 suppeditat,
1422 2713 1612 2763 mirum
1636 2712 1692 2762 in
