1936 3203
943 276 1012 326 56

261 457 394 506 culat
433 457 618 505 levitas.
695 455 909 504 Animos
938 455 1022 503 hic
1056 454 1211 502 nectit
1257 453 1506 501 amicitiae
1548 469 1680 514 usus,

263 582 591 632 amorumque
630 562 785 611 dulcis
829 562 1137 611 castimonia.
1234 560 1348 611 Sola
1396 560 1686 609 dominatur

260 674 460 722 virtutis
499 672 760 739 majestas3
789 679 937 739 atque
967 671 1085 719 huic
1111 670 1334 731 comitas,
1362 669 1571 718 laudum
1598 687 1684 717 cu—

258 780 374 848 pido
400 799 535 841 sana,
558 788 606 828 et
622 780 780 847 prisca
799 778 1086 846 simplicitas
1114 779 1460 845 astipulantur.
1537 776 1691 826 Men-

260 905 333 936 sas
382 889 567 936 extruit
606 887 930 955 hospitalitas,
969 887 1194 954 ipsosque
1239 885 1462 935 adsciscit
1511 886 1686 934 hostes,

262 993 600 1044 Debellantur
650 994 889 1063 superbi3
938 994 1159 1061 parcitur
1210 1002 1261 1042 at
1321 994 1482 1054 victiS,
1551 993 1688 1061 queis

263 1103 418 1151 etiam
477 1104 638 1151 amica
687 1101 1001 1169 protenditur
1050 1100 1253 1159 dextra3
1304 1119 1423 1169 quos
1480 1099 1691 1149 caecidit

263 1210 473 1276 gladius,
500 1211 699 1260 decorat
726 1209 973 1271 laudibus,
1011 1209 1174 1274 elegis,
1213 1208 1471 1276 sepulchro
1509 1208 1697 1257 huma-f

264 1318 412 1366 nitas.

336 1533 509 1592 Quem
557 1531 677 1578 facit
721 1530 1024 1579 iracundum
1064 1529 1320 1579 Homerus
1365 1531 1532 1592 heroa,
1577 1532 1696 1579 huic

264 1641 362 1688 iras>
416 1640 718 1706 magnopere
777 1647 1022 1703 aggerat3
1071 1656 1163 1687 nec
1218 1638 1387 1687 minus
1442 1637 1695 1699 Ossianes,

266 1766 418 1816 quem
443 1748 621 1808 voluit⁷
646 1746 844 1811 effingit
868 1746 1136 1813 optimum.
1214 1746 1321 1795 Sub
1348 1747 1508 1795 altum
1534 1745 1696 1795 Phin-

264 1856 479 1923 galeidos
505 1856 711 1903 initium
740 1855 850 1902 talis
888 1862 1160 1921 tantusque
1186 1855 1374 1902 eminet
1403 1853 1695 1915 Cuchullin,

268 1973 326 2014 ut
351 1965 432 2013 illo
457 1964 541 2012 vix
568 1962 729 2028 major
769 1963 878 2030 quis
920 1963 1042 2011 alius
1087 1962 1355 2027 excogitari
1394 1980 1529 2029 posse
1558 1962 1697 2011 vide—

271 2081 399 2122 atur.
477 2071 574 2121 Sed
601 2071 762 2119 multo
788 2069 839 2118 id
865 2088 1015 2119 manc
1042 2071 1175 2118 cavit
1201 2069 1447 2119 Ossianes.
1524 2071 1698 2129 Quem

271 2181 408 2229 enim
434 2180 516 2228 hic
556 2180 658 2247 ipse
700 2177 991 2238 Cuchuffin,
1032 2178 1209 2225 certior
1253 2176 1414 2225 factus
1456 2178 1697 2244 appulisse

270 2289 481 2351 hostem,
531 2287 784 2356 praedicat
833 2286 1079 2354 expectari
1128 2286 1314 2346 virum,
1378 2286 1459 2333 cui
1513 2287 1699 2334 monti-

270 2396 363 2446 bus
412 2397 465 2445 in
516 2396 624 2444 altis
671 2392 973 2443 Caledoniae
1021 2409 1222 2440 summa
1269 2392 1486 2458 pertinet
1530 2410 1699 2441 rerum

273 2511 501 2570 potestas,
556 2518 911 2568 armorumque
962 2498 1105 2547 laus?
1180 2497 1444 2563 Phingala.
1528 2500 1700 2559 Quem

272 2629 395 2661 nam
420 2611 706 2679 superbiens
747 2610 941 2659 Suaren
979 2624 1144 2656 unum
1169 2606 1263 2655 sibi
1289 2606 1389 2656 fors
1415 2609 1603 2657 virtute
1627 2615 1701 2656 te-

272 2720 427 2788 lisque
452 2737 625 2787 parem
646 2719 830 2768 fatetur
846 2715 870 2764 P
908 2715 1160 2780 Phingala
1186 2713 1530 2765 Morvenium.
1571 2715 1704 2774 Quis
