1936 3203
278 276 347 327 98
816 293 1147 341 PH1NGAJ,EJS‚
1525 297 1624 332 ΜΒ.
1654 300 1708 334 11.

278 466 511 518 Carduus
536 477 593 519 ut
621 471 800 537 campi.
855 468 1054 520 Verum
1079 472 1265 539 premit
1291 469 1455 522 Erina
1480 472 1702 523 Suaren:

275 562 529 614 Sternitur
555 566 684 616 illius
710 565 903 628 dextr-fi,
931 585 1059 636 quae
1087 585 1289 636 parcere
1312 569 1485 631 nescit,

274 658 498 721 Currac;
525 662 764 711 sternitur
784 669 833 710 et
856 661 1064 726 Cal-ber,
1090 664 1385 722 fortissimus
1410 666 1552 715 heros
1569 686 1583 726 3
1601 666 1704 718 245

272 755 470 806 Stratus
495 757 549 806 in
576 765 839 807 aeternam
869 759 1057 814 claudit
1081 778 1171 810 sua
1190 762 1384 811 lumina
1408 770 1609 812 noctem

269 850 565 912 Morlanus3
593 872 880 923 ponensque
901 856 1126 906 animam
1151 864 1227 921 tu⁷
1255 857 1418 921 Colta,
1442 859 1699 908 tremiscis,

267 945 405 995 Ecce
428 947 523 997 tibi
547 949 758 998 niveum
783 949 1105 999 rubefactum
1130 958 1200 999 est
1221 952 1463 1017 sanguine
1488 953 1686 1015 collum,

265 1042 581 1112 Disjectique
597 1044 770 1112 jacent
796 1044 921 1094 flavi
944 1046 1122 1095 tellure
1149 1046 1326 1114 capilli.

263 1138 381 1197 Quo
402 1139 504 1187 ruit
528 1139 609 1188 ille
634 1140 738 1188 loco
764 1139 909 1188 festas
937 1147 1223 1189 extruxerat
1251 1148 1366 1189 ante
1589 1145 1695 1195 250

262 1235 419 1302 Saepe
435 1234 599 1302 dapes,
626 1236 875 1285 citharam
889 1237 1107 1305 pulsavit
1124 1254 1274 1304 saepe
1300 1254 1553 1299 canoram,

260 1331 442 1390 Quum
459 1331 571 1399 jam
596 1332 802 1394 laetitia,
831 1333 993 1400 quum
1010 1332 1123 1399 jam
1150 1331 1412 1381 latratibus
1440 1350 1583 1382 auras

256 1426 537 1494 Implerent
562 1428 732 1490 catuli,
758 1428 1022 1496 curvisque
1048 1428 1270 1476 animosa
1286 1427 1529 1494 juventus

257 1521 494 1571 Arcubus
522 1531 715 1590 aptaret
740 1540 932 1571 nervos.
1010 1522 1073 1571 Se
1098 1523 1259 1570 victor
1287 1517 1470 1587 agebat

254 1618 465 1680 Suaren,
490 1618 569 1667 uti
593 1617 855 1667 tumidum
879 1616 1072 1666 deserta
1095 1634 1182 1684 per
1209 1616 1322 1664 avia
1344 1615 1540 1665 flumen
1579 1619 1684 1669 255

253 1712 488 1775 Proflust,
517 1711 781 1779 aggeribus
807 1712 966 1780 ruptis
988 1732 1001 1771 3
1028 1711 1225 1779 fertque
1250 1711 1422 1760 omnia
1446 1729 1632 1762 secum.

325 1808 544 1858 Astabat
560 1807 754 1858 medius
767 1807 1041 1857 Cuchullin
1061 1806 1454 1857 Chrochmoris*
1473 1808 1643 1870 instar,

252 1904 530 1953 Aethereas
555 1902 706 1952 findit
731 1920 930 1951 summo
956 1903 1042 1970 qui
1068 1903 1254 1951 vertice
1279 1902 1436 1952 nubes
1458 1922 1467 1951 :

247 1998 407 2049 Irruit
432 2000 485 2048 in
512 1999 660 2048 clivos
680 1998 845 2061 turbo,
867 1999 1138 2066 pinetaque
1164 2006 1362 2066 quassat
1383 2019 1396 2057 ;

249 2094 486 2164 Rupibus
512 2096 719 2144 insultat
745 2095 1009 2163 crepitanti
1035 2092 1278 2158 grandine
1303 2092 1538 2152 nimbus3
1580 2095 1684 2144 20⁵0

251 2192 436 2241 Saxeus
464 2200 514 2241 at
539 2211 638 2241 sese
664 2198 911 2242 sustentat
936 2191 1066 2240 mole
1091 2190 1180 2238 sua
1205 2206 1363 2251 mons,

249 2287 558 2358 Frigoraque
580 2297 731 2357 atque
747 2287 986 2354 hyemem
1005 2285 1178 2335 Conae
1199 2284 1504 2334 convallibus
1528 2294 1677 2334 arcet.

249 2387 331 2435 Sic
346 2404 544 2455 quoque
563 2384 853 2447 Cuchullin‚
871 2385 970 2452 qua
986 2384 1159 2451 visque
1180 2382 1426 2449 ruinaque
1452 2388 1678 2449 poscunt,

247 2481 485 2549 Objectat
511 2501 610 2532 sese
636 2483 871 2550 clypeum
886 2489 1196 2548 tegmenque
1221 2495 1426 2528 suorum
1450 2498 1462 2537 3

252 2580 573 2649 Vulneraque
583 2579 826 2646 igeminat
838 2598 851 2637 3
868 2577 1192 2646 sequiturque
1204 2577 1231 2624 a
1248 2576 1454 2624 vulnere
1463 2573 1682 2639 sanguis,

255 2676 409 2726 Fonte
436 2677 571 2725 velut
590 2676 763 2725 saliens
780 2673 943 2724 tendit
968 2691 1053 2742 per
1080 2672 1315 2738 gramina.
1341 2671 1491 2721 rivus.
1575 2668 1679 2719 266

806 2818 825 2839 θ’
850 2815 960 2858 Nota,
983 2814 1032 2851 N„
