1936 3203
290 269 392 319 106
833 284 1167 332 PHINGALmS,
1519 287 1616 321 ΜΒ.
1646 289 1701 322 11.

284 462 430 511 Alter
455 463 507 511 in
536 462 734 511 alterius
759 460 946 526 figebat
973 461 1168 511 lumina
1192 461 1338 510 vultu

284 558 490 627 Saepius
507 576 520 618 3
547 557 622 606 his
641 573 779 606 amor
793 574 924 606 unus
940 558 1093 619 enim,
1110 555 1449 626 studiumque,
1467 555 1702 626 laborque

281 652 430 703 Unus
456 660 593 712 erat3
633 669 898 720 sensusque
925 652 1082 701 animi
1098 652 1228 701 clam
1247 650 1410 701 dicere
1417 650 1569 719 juvit.

353 750 444 810 At,
471 747 659 796 ditione
674 764 903 815 premens
919 746 1168 797 nimbosas
1184 746 1437 797 Ardvenis
1453 765 1576 809 oraS‚
1598 748 1704 799 440

280 845 432 895 Illam
458 843 612 892 etiam
638 841 859 891 Grumal
884 840 1070 903 dilexit,
1096 840 1328 891 turbidus
1353 842 1505 891 hostis

288 940 534 991 Comalis:
576 938 684 989 ibat
708 939 869 1001 hians,
896 938 1050 987 solam
1077 937 1117 986 si
1143 937 1269 986 forte
1295 936 1502 987 videret.

279 1039 500 1107 Jamque
526 1036 606 1086 die
632 1034 868 1105 quadam,
895 1051 1014 1083 cum
1040 1041 1233 1083 caetera
1256 1032 1408 1083 turba
1431 1041 1663 1099 vagatur,

279 1134 523 1202 Undique
548 1130 730 1182 diffusa
755 1130 970 1181 nebulae
995 1130 1207 1196 caligine
1234 1147 1400 1179 caecos

282 1230 479 1280 Defessi
504 1237 696 1278 montes
725 1227 904 1278 Comal
930 1227 1170 1295 virgoque
1195 1226 1503 1293 relinquunt,
1599 1225 1703 1276 445

280 1326 608 1394 Ronanisque
634 1324 822 1373 adeunt
848 1330 1073 1384 antrum,
1101 1324 1200 1390 qua
1226 1328 1456 1390 personat
1483 1337 1665 1388 aequor

280 1420 554 1472 Fluctibus.
632 1418 741 1470 Hic
765 1419 930 1468 fuerat.
955 1418 1123 1466 solitus
1149 1417 1410 1466 consistere
1437 1414 1632 1478 Comal,

280 1517 487 1567 Venatu
512 1515 704 1565 rediens
728 1536 741 1574 3
781 1515 866 1563 hic
890 1514 1019 1563 illius
1046 1530 1186 1562 arma
1212 1512 1418 1561 fuerunt
1441 1532 1454 1571 3

281 1612 390 1662 Hic
415 1619 621 1661 centum
647 1611 840 1678 clypeos
866 1609 1006 1659 omni
1032 1608 1288 1674 ferrugine
1313 1625 1461 1676 puros

284 1708 578 1771 Constituit,
606 1715 813 1756 centum
838 1706 1001 1772 galeas
1027 1724 1083 1754 ex
1106 1722 1218 1754 aere
1241 1721 1429 1755 sonoro.
1602 1704 1708 1754 450

352 1805 687 1870 Introgressus
710 1804 806 1852 ait:
849 1802 980 1871 quod
1006 1809 1056 1850 te
1082 1819 1218 1851 nunc
1244 1801 1436 1868 hospite
1455 1800 1618 1865 gestit,

282 1900 399 1951 Hoc
424 1901 523 1949 lato
549 1899 714 1948 sedeas
741 1906 899 1960 antro,
927 1898 1010 1946 lux
1038 1897 1170 1946 alma
1195 1896 1398 1945 decoris.

284 1998 434 2066 Rupe
459 1996 552 2046 sub
580 1995 785 2044 adversa
810 1994 938 2042 tollit
963 2011 1013 2042 se
1039 1994 1091 2042 in
1118 2009 1304 2041 cornua
1330 2008 1503 2040 cervus

282 2094 480 2160 Magna
505 2093 666 2151 mole3
705 2099 876 2159 petam
902 2106 1080 2147 cursu3
1120 2086 1388 2155 subitoque
1414 2093 1648 2134 revertar.

282 2192 391 2255 Me,
410 2190 635 2240 Galvina
650 2206 702 2238 re
719 2184 1055 2250 fert‚Grumal
1072 2182 1338 2233 formidine
1353 2182 1583 2250 complet,
1601 2182 1703 2232 455

286 2287 530 2338 Carmina
555 2301 710 2354 quem
733 2283 910 2332 tollent
934 2297 1216 2349 nunquam,
1243 2296 1334 2328 nec
1349 2277 1504 2343 gloria
1529 2276 1701 2326 laudis.

284 2385 427 2436 Huic
442 2390 612 2449 gratus
628 2380 831 2442 Ronan,
849 2386 1053 2445 gratum
1069 2385 1140 2425 est
1155 2373 1382 2425 Ronanis
1400 2381 1448 2422 et
1466 2381 1683 2422 antrum.

282 2481 328 2544 I,
355 2481 510 2530 donec
535 2477 719 2539 redeas,
747 2492 888 2525 arma
912 2475 1042 2523 inter
1067 2472 1218 2521 densa
1243 2469 1487 2520 morabor.

282 2576 487 2627 Moram
515 2573 694 2623 Comal
721 2570 840 2633 adit,
857 2585 1099 2636 cervoque
1117 2566 1384 2616 acerrimus
1405 2566 1571 2614 instat.
1599 2566 1704 2616 459

360 2671 579 2723 Comalis
606 2671 688 2720 illa
713 2669 878 2719 volens
906 2666 1136 2717 animum
1162 2663 1411 2731 explorare
1436 2660 1701 2728 fidemque,
