1936 3203
712 270 872 307 NoTAE
894 269 952 305 IN
978 270 1078 305 Lm.
1105 270 1184 305 111.
1498 259 1602 311 215

882 444 940 484 D.

287 534 383 573 Non
419 548 527 574 unus
549 533 804 589 Pythagoras
835 543 955 575 terno
988 535 1203 590 gaudebat
1236 548 1428 586 numero,
1458 535 1529 576 sed
1549 544 1594 577 et

228 611 486 653 Lochlineus
520 614 682 662 Starno,
716 613 1058 669 Caledoniusqne
1092 615 1306 656 Ossiane&
1385 615 1593 656 Solemnis

227 690 392 732 habitus
410 693 491 733 fuit
510 707 708 733 numerus
729 692 796 733 hic
818 694 977 749 ubique
997 703 1216 735 terrarum.

884 840 932 879 E.

281 928 399 968 Nihil
419 929 496 969 hac
514 929 629 970 brevi
648 930 924 970 similitudine
944 929 1201 984 elegantius-

878 1075 922 1115 F.

283 1167 565 1220 Supercilium
587 1168 702 1223 cogit
723 1177 851 1208 atram
875 1168 915 1208 in
931 1168 1084 1208 nubem
1107 1167 1280 1215 Starn03
1299 1164 1496 1219 illiusque
1517 1178 1583 1204 ar-

221 1244 322 1285 dent
343 1245 467 1285 oculi.
531 1247 577 1285 In
600 1255 737 1286 natam
759 1261 856 1287 mox
878 1247 969 1301 ipse
988 1245 1149 1286 fulmen
1170 1244 1460 1299 ejaculabitur.

876 1393 932 1433 G.

267 1482 430 1521 Fortem
461 1481 568 1521 hanc
594 1482 796 1532 Mentem,
828 1482 1058 1537 degentem
1094 1482 1227 1531 coelo,
1260 1490 1457 1535 precatur
1490 1482 1578 1522 Cu·

212 1559 369 1600 chullin
388 1575 396 1599 :
420 1574 498 1600 nec
521 1560 667 1601 dubito
687 1561 788 1614 quin
807 1576 856 1601 ea
871 1563 922 1600 sit
944 1576 1082 1601 rerum
1104 1562 1361 1616 gubernator
1381 1562 1580 1614 optimus,

211 1653 335 1692 quem
371 1639 520 1679 nostris
552 1654 625 1678 nos
654 1639 788 1679 oculis
821 1654 902 1679 non
940 1640 1215 1693 assequimur.
1274 1641 1372 1679 Non
1409 1640 1578 1680 videtur

210 1718 453 1759 Cuchullini
487 1726 549 1757 sat
569 1718 622 1758 de
654 1732 704 1758 eo
725 1727 930 1768 constare,
965 1732 1091 1772 quem
1127 1719 1232 1758 votis
1263 1718 1376 1758 adit:
1410 1719 1578 1759 accedit

207 1800 319 1840 enim
343 1799 507 1839 dubius.
563 1798 866 1852 Vulgatissima
884 1807 1024 1838 autem
1057 1807 1145 1838 erat
1174 1797 1439 1838 Caledonum
1472 1798 1575 1837 doc-

207 1879 316 1918 trina
338 1879 388 1917 de
411 1878 640 1928 animabus,
665 1877 754 1931 jam
778 1891 954 1931 corpore
988 1877 1213 1917 defunctis.
1273 1878 1366 1916 Hae
1398 1876 1571 1930 quidem

203 1958 384 1998 nubibus
404 1957 587 1997 insidere
608 1957 869 2007 dicebantur,
886 1958 1177 2011 procellasque
1199 1958 1426 1997 suscitare:
1460 1965 1502 1996 at
1524 1957 1567 1996 in

202 2038 265 2085 iis,
284 2051 388 2090 quae
410 2037 622 2076 hominem
643 2045 850 2090 spectant,
886 2047 1080 2076 constans
1105 2047 1193 2076 erat
1213 2037 1357 2089 opinio
1379 2036 1438 2076 nil
1458 2036 1571 2089 ipsas

204 2117 375 2155 omnino
407 2116 583 2168 pollere.
644 2116 815 2155 Praeter
850 2117 927 2155 boc
961 2131 1089 2156 unum
1113 2116 1379 2155 Cnchullinis
1413 2125 1570 2162 votum,

203 2194 269 2233 vix
295 2193 519 2246 quidquam
542 2194 582 2232 in
615 2192 796 2235 Ossiane
833 2192 1027 2246 legimus,
1057 2193 1166 2245 quod
1201 2193 1308 2231 inter
1342 2191 1569 2244 Populares

201 2287 295 2312 suos
316 2271 584 2325 Religionem
606 2271 751 2324 sapiat.
814 2271 937 2310 Haud
958 2282 1094 2310 tamen
1117 2271 1216 2310 inde
1238 2270 1568 2310 existimandum

201 2360 263 2390 est
287 2348 523 2389 Caledones
544 2364 625 2389 non
649 2348 925 2389 abundavisse
940 2349 1319 2402 superstitionibus.
1379 2349 1438 2387 Ut
1454 2350 1568 2388 enim

198 2445 249 2470 ex
270 2428 510 2468 certissimis
540 2430 730 2469 novimus
761 2429 1056 2478 monumentis,
1091 2427 1344 2467 tenebantur
1374 2428 1565 2467 Britanni

200 2508 423 2561 disciplina·
443 2508 726 2561 institutisque
747 2507 1017 2547 Druidarum.
1073 2508 1235 2546 Verum
1266 2507 1316 2546 ab
1353 2506 1468 2547 hisce
1488 2520 1566 2547 ex-

195 2587 403 2642 ponendis
420 2587 621 2626 abstinuit
641 2587 855 2636 Ossianes,
876 2596 1022 2640 utpote
1048 2599 1168 2639 quae,
1186 2585 1328 2625 multis
1350 2585 1559 2638 implicita

194 2665 366 2719 ineptiis
398 2665 668 2720 flagitiisque,
698 2666 979 2706 damnaverat.
1040 2666 1319 2705 Communem
1352 2667 1494 2719 porro⁴
1511 2665 1565 2704 de
