1936 3203
837 272 906 322 43

156 458 206 501 te
240 450 601 518 amplissimum
626 448 727 497 cito
751 449 971 516 spatium
1013 449 1363 517 percurrimus,
1443 447 1581 499 Cum

155 548 342 611 mustus
365 558 428 605 sit
452 557 503 605 in
528 555 833 621 imaginibus
867 556 1117 620 Ossianes,
1157 556 1382 625 apprime
1408 555 1578 605 micat.

159 664 417 715 Continuo
443 663 570 712 illius
585 664 885 714 secernimus
901 665 1095 714 coelum
1110 663 1481 732 regionemque,
1498 662 1586 711 he-

158 788 264 820 roas
288 777 338 818 et
365 769 627 830 heroidas3
665 770 823 821 immo
861 778 911 820 et
949 771 1157 833 animas,
1196 769 1455 820 defunctas
1481 787 1586 819 cor-

157 892 288 944 pore,
340 875 554 944 ipsisque
614 874 835 945 quadam
874 876 1144 943 jungimur
1206 875 1583 926 necessitudine.

159 986 380 1036 Acervat
417 983 766 1035 similitudines
805 983 1079 1048 Homerus,
1120 984 1411 1053 diducitque
1453 985 1588 1034 ultra

158 1112 292 1143 rem:
334 1094 519 1143 harum
555 1093 825 1143 nonnullae
862 1100 979 1142 sunt
1016 1092 1193 1160 utique
1234 1090 1453 1150 nobiles3
1491 1091 1589 1141 hu-

156 1199 296 1248 miles
323 1198 459 1247 aliae.
536 1196 613 1247 Ut
637 1198 801 1266 plures
829 1196 892 1246 ab
917 1196 1129 1246 Ossiane
1163 1195 1484 1260 adhibentur,
1510 1199 1589 1248 in-

157 1306 306 1371 signis
331 1313 402 1355 est
427 1305 689 1374 brevisque
713 1322 1060 1373 unaquaeque.
1123 1303 1240 1354 Diis
1260 1303 1434 1354 heroas
1455 1324 1591 1356 com-

156 1420 300 1480 parat
319 1429 427 1461 suos
454 1410 743 1471 Homerus,
784 1410 962 1460 Geniis
988 1409 1333 1480 Manibusque
1358 1411 1591 1464 Ossianes

159 1538 282 1569 suos.
360 1519 724 1570 Similitudines
749 1528 922 1569 tamen
947 1519 1030 1568 hic
1053 1520 1351 1588 plerumque
1382 1521 1411 1568 a
1448 1538 1592 1586 mag-

159 1645 225 1676 no
263 1636 436 1675 evocat
472 1626 603 1676 orbis
643 1634 858 1694 aspectu,
897 1643 1049 1694 quem
1085 1625 1314 1677 videmus
1353 1628 1592 1696 quotidie,

160 1734 237 1783 uti
261 1733 372 1795 sole,
411 1733 547 1795 luna,
586 1732 787 1795 nebula,
826 1732 973 1794 mari,
1011 1733 1235 1800 scopulis,
1277 1733 1591 1786 fluminibus.

161 1838 258 1889 Sed
284 1846 333 1887 et
360 1839 671 1888 acutissimus
708 1839 762 1887 in
799 1838 903 1887 una
941 1836 1215 1906 eademque
1252 1856 1320 1900 re,
1360 1846 1419 1887 ut
1456 1839 1591 1903 luna,

161 1947 340 1995 faciem
377 1964 518 2014 saepe
556 1947 820 2014 locumque
856 1945 1102 2007 variante,
1140 1946 1324 1995 multas
1366 1949 1595 2016 propriae

162 2056 390 2123 perspicit
415 2055 656 2104 materiae
679 2054 940 2120 imagines,
984 2071 1106 2123 quas
1132 2073 1189 2104 ex
1213 2055 1356 2105 nobis
1394 2057 1493 2119 vix,
1539 2076 1595 2107 ac

159 2179 221 2211 ne
245 2163 328 2211 vix
366 2161 588 2231 quidem,
615 2162 1011 2228 attingeremus3
1054 2162 1136 2212 illo
1175 2171 1346 2214 autem
1370 2164 1593 2227 docente,

161 2287 277 2319 cum
303 2270 632 2321 admiratione
657 2269 906 2320 discimus.

235 2483 390 2542 Quod
433 2485 473 2534 si
508 2485 727 2554 plurima
764 2484 1123 2553 complectatur
1159 2485 1329 2552 paucis
1372 2485 1595 2538 Ossianis

164 2590 337 2653 oratio,
362 2590 707 2662 fulgoremque
736 2592 895 2662 jactet
931 2592 1172 2662 undique,
1211 2591 1436 2644 sublimis
1474 2614 1596 2664 quo-

166 2701 261 2767 que
287 2698 689 2767 deprehenditur.
765 2700 960 2753 Evehit
1004 2703 1140 2752 enim
1167 2702 1228 2752 ad
1254 2704 1440 2767 onmia,
1467 2723 1594 2774 quae
