1936 3203
230 288 325 321 ΜΒ,
356 288 423 322 1v.
605 289 718 321 srvis
746 287 997 322 HIBERNIA
1025 287 1295 320 LIBERATA.
1531 272 1628 322 141

217 459 374 510 Nube
399 460 490 510 sub
515 460 735 509 extrema
762 459 867 507 visa
893 467 965 507 est
991 459 1250 508 subsistere
1275 460 1456 518 coram,

216 555 481 625 Exilesque
506 556 694 604 hiscens
719 555 837 603 tales
863 553 1117 605 effundere
1142 573 1298 604 voces.

285 653 458 718 Surge,
477 670 581 718 age,
596 652 710 700 tolle
726 668 886 700 moras
904 671 917 710 3
938 650 1274 719 dilectumque
1289 650 1421 717 eripe
1436 656 1632 711 natum,

214 747 461 808 Ossianes,
487 746 691 812 gladiis3
729 764 870 795 serva
894 746 1178 795 discrimine
1203 745 1324 794 lethi
1566 745 1631 794 85

215 841 264 890 O
290 842 509 890 nimium
526 841 770 909 juvenem
795 841 982 890 fretum
1007 839 1265 890 furialibus
1293 840 1455 888 armis.

217 933 528 984 Lochlinidis
553 943 709 984 certat
733 936 887 983 saevis
915 935 976 984 ad
1002 934 1221 984 Lubaris
1246 933 1453 994 undam,

216 1029 360 1079 Valle
385 1030 477 1080 sub
504 1030 714 1096 angusta
738 1047 824 1097 per
849 1031 1016 1082 mollia
1040 1038 1183 1097 prata
1207 1029 1466 1078 fluentem.

220 1125 396 1185 Dixit3
436 1135 484 1174 et
509 1126 756 1194 extemplo
782 1124 907 1174 nubi
932 1143 980 1173 se
1006 1124 1282 1173 immiscuit
1308 1132 1457 1171 atrae.

290 1220 413 1270 Mox
439 1222 581 1289 rapui
601 1222 830 1288 clypeum
849 1241 862 1280 3
901 1221 1045 1288 rapui
1063 1220 1267 1268 thoraca
1285 1219 1548 1283 rigentem,
1569 1219 1640 1269 90

221 1318 513 1384 Aptavique
537 1317 696 1375 mihi3
736 1334 899 1383 passus
924 1315 1100 1364 hastile
1124 1313 1342 1379 regebat.

222 1410 397 1480 thue
423 1410 577 1473 ibam,
605 1412 792 1479 strepui
817 1409 1053 1476 gravibus
1078 1409 1413 1458 circumdatus
1441 1409 1603 1457 armiS.

224 1505 482 1568 Carmina,
510 1507 645 1574 queis
672 1506 837 1555 solitus
862 1522 1081 1573 proceres
1107 1503 1281 1553 efferre
1305 1511 1538 1564 vetustos,

221 1600 326 1663 Ore
349 1599 715 1668 profundebam
739 1617 902 1648 rauco.
978 1598 1126 1664 Vaga
1150 1616 1413 1647 murmura
1438 1598 1587 1646 sensit

225 1694 415 1757 Hostis,
442 1703 490 1743 et
515 1693 694 1760 effugit
717 1695 999 1762 trepidans;
1037 1702 1336 1762 tergumque
1360 1700 1553 1742 secutus
1573 1694 1640 1745 95

225 1789 322 1840 Est
346 1791 517 1840 Oscar.
592 1789 766 1840 Veluti
790 1792 1069 1839 multarum
1091 1789 1284 1839 fiumen
1310 1806 1573 1857 aquarum,

224 1884 449 1947 Insonui,
476 1887 827 1954 monitumque
852 1885 981 1946 dedi,
1007 1884 1233 1951 dixique:
1276 1891 1505 1951 retorque

226 1980 485 2042 Gressum,
513 1980 686 2043 Oscar,
709 1981 938 2049 quamvis
962 1987 1013 2028 te
1036 1980 1188 2047 patris
1208 1979 1380 2028 dextra
1395 1987 1643 2047 sequatur.

226 2073 319 2124 Nil
343 2077 477 2124 secus
504 2094 560 2124 ac
576 2075 740 2143 jussus
765 2079 899 2125 retro
924 2076 1134 2141 vestigia
1157 2083 1381 2143 torquet:

228 2168 447 2239 Jamque
472 2172 849 2240 propinquantis
876 2171 1140 2239 strepitum
1164 2171 1455 2220 laetissimus
1481 2170 1625 2219 hausi

227 2266 484 2315 Armisoni
500 2266 718 2333 juvenis,
746 2268 912 2316 coram
937 2267 1024 2334 qui
1048 2266 1168 2314 talia
1193 2266 1327 2314 fatur
1349 2286 1358 2314 :
1545 2266 1643 2315 101

298 2361 418 2420 Quo
443 2379 540 2423 me,
565 2362 645 2425 da,
672 2363 880 2428 genitor,
901 2379 1114 2423 revocas,
1136 2361 1424 2428 ferrumque
1444 2378 1646 2422 coerces,

231 2456 379 2506 Dum
403 2475 503 2506 non
528 2456 852 2507 Lochlinidas
877 2458 1073 2525 penitus
1098 2456 1370 2523 discerpere
1393 2455 1576 2505 detur?

230 2553 339 2603 Hos
364 2562 556 2622 praeter
581 2555 765 2617 rivum,
791 2554 993 2604 sublimi
1016 2571 1139 2622 rupe
1163 2553 1410 2615 volutum,

228 2648 294 2701 In
321 2668 401 2700 me
427 2649 790 2719 Follanumque
815 2651 988 2716 ingens
1008 2650 1125 2700 tulit
1139 2650 1354 2718 impetus
1372 2656 1517 2711 actOS,
1547 2650 1646 2699 105

948 2808 968 2839 S
