1936 3203
974 261 1004 310 8

278 438 392 487 licet
415 438 616 487 natione
641 436 863 501 Scotum,
887 439 1078 506 saepius
1102 454 1204 487 non
1245 438 1535 487 intellexisse
1571 454 1698 506 quae

279 543 522 606 vertebat,
547 543 761 593 ostendit
783 542 1009 595 Thomas
1033 542 1235 607 Rossus,
1272 543 1558 613 exponendo
1598 544 1700 612 pri-

277 667 423 699 mum
446 649 796 716 Phingaleidos
819 650 1037 712 librum3
1074 651 1348 721 itidemque
1370 652 1552 720 passim
1589 650 1701 700 doc-

280 765 360 807 tus
380 759 458 807 vir
472 759 568 820 ille,
593 759 680 827 qui
714 756 921 808 Gaelica
943 759 1066 808 haec
1089 760 1259 809 omnia
1282 759 1477 827 scripta,
1504 777 1533 807 a
1556 755 1701 807 Mac-

278 866 520 932 phersono
542 866 744 929 tradita,
781 866 993 916 totidem
1029 865 1230 917 Latinis
1271 867 1481 935 explicat
1520 864 1698 916 verbis.

285 971 339 1021 Si
377 971 706 1023 laborandum
734 973 876 1024 nobis
900 983 973 1024 est
996 975 1277 1045 aliquando,
1302 976 1342 1025 si
1374 976 1597 1025 multum
1620 991 1701 1024 su—

284 1079 527 1143 dandum,
546 1079 895 1146 algendumve,
918 1090 978 1132 ut
1004 1084 1214 1132 aliorum
1229 1100 1546 1151 assequamur
1561 1099 1702 1132 men·

283 1193 405 1249 tem,
446 1186 663 1236 tenebris
700 1187 1007 1251 obvolutam,
1045 1207 1174 1257 quae
1208 1198 1377 1240 nostro
1416 1190 1703 1240 conficimus

285 1292 473 1356 Marte,
500 1295 641 1343 facile
669 1296 976 1360 attingimus

358 1504 661 1556 Reclamant
685 1523 871 1569 omneS,
896 1507 1000 1575 qui,
1026 1508 1226 1556 comites
1253 1507 1409 1557 additi
1437 1507 1707 1576 Macpher-

287 1631 420 1676 sono,
437 1629 554 1664 cum
572 1615 675 1683 ipso
700 1614 753 1663 in
778 1611 1124 1683 conquirendis
1144 1612 1364 1664 Ossianis
1385 1614 1705 1678 carminibus,

287 1722 582 1787 excipiendis
625 1739 683 1769 ex
720 1722 988 1770 hominum
1011 1721 1269 1785 memoria,
1306 1721 1706 1786 transcribendis,

289 1836 338 1877 et
363 1827 658 1895 explicandis
683 1845 884 1895 operam
908 1828 1176 1876 navarunt.

358 2038 677 2101 Reclamant,
704 2054 831 2106 quae
864 2037 1161 2107 conquisivit
1198 2038 1467 2088 cultissimo
1508 2042 1587 2090 vir
1627 2041 1704 2092 in-

288 2148 432 2213 genio
457 2153 508 2195 et
529 2145 628 2196 fide
652 2145 990 2210 integerrima,
1032 2143 1068 2196 J
1070 2163 1250 2197 oannes
1284 2146 1586 2211 Smithaeus,
1626 2166 1706 2198 eo-

288 2272 406 2305 rum
428 2255 623 2318 similia,
668 2271 795 2323 quae
820 2253 1171 2324 interpretatus
1196 2255 1358 2305 fuerat
1381 2254 1704 2324 Macpherso-

284 2380 394 2414 nus.
470 2364 601 2413 Sunt
625 2362 828 2432 quidem
852 2363 949 2412 alia
982 2380 1192 2432 prorsus,
1216 2363 1300 2412 sed
1342 2362 1519 2414 eodem
1554 2364 1704 2433 respi-

287 2472 443 2533 ciunt,
491 2470 807 2538 eundemque
844 2467 1036 2520 ducunt
1072 2471 1317 2539 spiritum.

831 2586 962 2624 Facies
980 2600 1053 2624 non
1073 2588 1241 2624 omnibus
1260 2601 1345 2632 una,

436 2662 519 2697 Nec
540 2662 682 2699 diversa
702 2669 837 2705 tamen,
858 2660 1005 2709 qualem
1024 2662 1135 2699 decet
1154 2674 1233 2700 esse
1251 2675 1429 2699 sororum.
