1936 3203
877 261 934 313 1‘1

271 439 471 490 Primus
527 440 866 506 interpretem,
917 441 1057 508 quasi
1118 438 1607 507 impudentissimum

200 547 507 609 mendacem,
533 548 715 596 invasit
741 547 944 597 Samuel
967 546 1268 609 Johnsonus,
1289 547 1367 595 vir
1392 547 1606 612 Anglus,

199 654 469 722 litterisque
493 654 720 719 Anglicis
757 655 980 703 multum
1004 655 1257 704 exercitus
1333 652 1504 721 Hujus
1530 654 1607 702 in·

197 760 321 810 stitit
346 761 564 827 vestigiis
591 761 822 824 Shavius,
849 760 1038 824 Scotus,
1077 780 1135 810 ex
1170 760 1331 810 insula
1369 759 1607 809 oriundus

195 868 404 918 Arania.
480 867 579 919 His
605 869 783 932 fuerat,
810 869 902 919 sub
935 870 1155 931 initium,
1194 847 1294 918 fors
1324 868 1606 918 condonan-

195 974 334 1040 dum,
360 976 515 1026 donec
539 995 612 1026 res
638 977 807 1028 fuisset
834 977 895 1026 ad
932 978 1154 1026 veritatis
1192 977 1440 1026 trutinam
1465 994 1606 1025 revo-

194 1090 318 1131 cata.
393 1081 626 1133 Infestior
665 1083 843 1146 adhuc,
884 1084 996 1132 licet
1035 1083 1330 1144 simulatiuS,
1374 1082 1609 1131 subseew

192 1197 271 1238 tus
297 1198 369 1238 est
393 1189 734 1239 Micolumbus
760 1189 1026 1255 Laingius,
1065 1191 1143 1239 vir
1168 1188 1443 1240 Orcadicus
1466 1209 1479 1248 3
1519 1190 1605 1258 qui

193 1298 252 1345 eo
291 1296 507 1359 devenit,
540 1297 757 1365 adeoque
781 1314 984 1346 omnem
1010 1296 1189 1364 abjecit
1230 1296 1603 1359 verecundiam,

189 1412 247 1453 ut
286 1422 414 1453 anno
466 1406 619 1467 1805,
670 1404 890 1454 Ossianis
938 1423 1086 1474 opera
1132 1404 1353 1470 vulgarit
1401 1405 1605 1454 nomine

189 1509 557 1579 Macphersoni,
585 1520 734 1580 atque
769 1513 862 1561 hoc
900 1530 1049 1562 suum
1086 1513 1277 1560 facinus
1313 1512 1604 1562 ratiunculis

191 1616 493 1685 quibuslibet
523 1617 786 1666 defendere
810 1619 1016 1666 nitatur.
1094 1616 1181 1666 En
1206 1616 1601 1681 Triumviratus‚

190 1722 410 1773 Ossianis
436 1722 615 1785 famae,
641 1724 680 1772 si
694 1724 861 1772 minus
886 1724 1075 1785 noxius,
1096 1727 1232 1773 certo
1256 1733 1428 1774 tamen
1453 1726 1605 1775 hosti-

187 1831 243 1880 lis
271 1831 424 1899 aeque
451 1848 506 1878 ac
544 1829 807 1880 Romanae
836 1829 1166 1898 Reipublicae
1204 1831 1410 1882 fuerunt
1448 1831 1603 1882 Octa·-

190 1941 382 2003 vianus,
406 1937 649 2008 Lepidm,
674 1939 1044 2007 Antoniusque.

258 2152 379 2203 Non
405 2162 476 2203 est
501 2171 589 2203 cur
603 2152 828 2221 pluribus
855 2170 972 2202 cum
997 2152 1190 2202 duobus
1215 2152 1386 2220 primis
1426 2172 1597 2220 agam3

189 2277 402 2330 quorum
418 2260 555 2322 alter,
572 2257 606 2309 J
609 2259 856 2309 ohnsonus
876 2260 1074 2327 nempe,
1100 2265 1367 2308 montanus
1388 2268 1446 2309 ut
1467 2245 1598 2329 aper,

188 2367 417 2417 dentibus
457 2366 759 2428 infrendens,
797 2366 850 2415 in
876 2365 1042 2415 Scotos
1078 2365 1428 2434 Scoticumque
1452 2385 1600 2417 omne

187 2471 452 2524 ferebatur.
508 2472 624 2542 Ipse
648 2474 836 2523 etenim
860 2474 1028 2543 palam
1044 2473 1345 2540 significavit
1360 2492 1424 2536 se,
1450 2474 1599 2525 nubi-

186 2582 278 2632 bus
307 2581 600 2632 obvolutum
624 2582 806 2644 livoris,
840 2581 1318 2651 tempestatibusque
1342 2581 1441 2632 odii
1464 2584 1597 2651 plus-

190 2706 344 2760 quam
386 2689 541 2740 civilis
584 2689 867 2759 abreptum,
895 2689 1195 2742 aberravisse
1231 2688 1453 2741 veritatis
1494 2699 1596 2742 tra-
