1936 3203
671 282 829 317 NoTAE
853 280 911 316 IN
936 281 1021 315 LIB
1046 280 1124 314 111.
1502 265 1606 317 217

872 455 931 494 M.

270 547 368 587 Non
416 546 642 586 admodum
677 545 887 585 dissimilis
922 553 986 585 est
1018 544 1191 599 Virgilii
1223 544 1355 594 locus,
1387 544 1486 583 AEN.
1523 544 1578 583 V.

213 640 248 666 v.
271 631 362 666 586.

289 704 344 741 Ut
362 703 486 752 pelagi
504 715 628 753 rupes,
648 714 785 753 magno
804 702 978 740 veniente
995 702 1159 752 fragore,

289 777 395 817 Quae
409 788 504 819 sese,
523 775 648 812 multis
667 776 1031 813 circumlatrantibus
1045 776 1166 820 undis,

289 849 395 887 Mole
413 857 515 887 tenet
530 864 539 886 z
566 851 712 899 scopuli
730 851 979 900 nequicquam
997 858 1036 887 et
1053 863 1208 900 spumea
1221 852 1363 889 circum

289 925 390 962 Saxa
406 925 583 969 fremunt,
602 925 784 974 laterique
803 925 897 962 illisa
914 925 1123 962 refunditur
1137 926 1232 975 alga.

872 1057 927 1096 N.

277 1135 387 1174 Mira
404 1142 482 1184 est,
504 1134 583 1175 hoc
605 1135 702 1185 loci,
723 1135 913 1175 Ossianis
933 1149 1010 1175 ars,
1075 1136 1134 1185 Si,
1154 1149 1251 1176 cum
1274 1136 1460 1176 Suarene
1481 1151 1584 1176 con-

219 1227 402 1267 gressum,
425 1215 649 1254 occumbat
669 1213 914 1263 Cuchullin,
934 1228 1034 1254 suae
1055 1214 1253 1255 barbarus
1279 1224 1484 1270 atroxque
1508 1230 1582 1256 rex

217 1292 329 1342 sorti,
375 1294 549 1342 Suaren,
584 1294 804 1333 aeternum
839 1293 1115 1347 gratulabitur
1132 1309 1144 1343 ;
1189 1296 1223 1334 si
1254 1296 1353 1334 verb
1386 1293 1585 1334 caedatur

225 1372 398 1420 Suaren,
419 1372 578 1411 inutilis
598 1373 677 1411 erit
696 1372 914 1426 Phingalis
931 1372 1164 1423 adventus3
1196 1377 1413 1426 poetaque
1432 1373 1474 1413 in
1493 1387 1586 1413 arc-

218 1460 321 1500 tum,
343 1450 455 1490 unde
476 1450 634 1490 referre
655 1450 808 1504 pedem
829 1464 912 1490 non
935 1451 1104 1503 poterit,
1136 1451 1315 1491 desiliet.
1372 1452 1428 1490 At
1454 1451 1584 1492 relin-

220 1530 313 1583 quit
332 1530 538 1584 Erigenas
560 1530 745 1579 Suaren3
776 1543 986 1582 cursuque
1006 1530 1230 1584 praecipiti
1263 1530 1346 1570 ruit
1379 1531 1421 1570 in
1453 1531 1584 1572 Phin-

219 1608 380 1662 galidas
397 1623 411 1658 3
443 1617 569 1661 atque
585 1608 643 1647 ita
662 1609 804 1648 omnia
822 1607 899 1648 rite
917 1617 1143 1651 servantur.

874 1744 928 1784 Ο.

276 1824 384 1868 Quis
403 1832 488 1864 tam
508 1823 667 1864 ferreus
686 1831 763 1872 est,
784 1831 829 1862 ut
847 1822 953 1862 tanti
974 1837 1087 1862 nunc
1108 1823 1291 1876 primfim
1315 1824 1487 1865 infausti
1504 1825 1580 1865 viri

222 1904 383 1957 gemitu
416 1917 499 1942 non
533 1911 748 1942 moveatur
765 1902 778 1942 ?
813 1903 912 1941 Exit
931 1903 964 1941 is
988 1902 1011 1941 ὲ
1034 1903 1181 1943 scenis.
1240 1903 1343 1943 Inde
1375 1903 1583 1959 Phingala

221 1997 296 2022 nos
317 1982 392 2023 toti
413 1982 710 2035 spectabimus,
731 1981 1044 2031 admirabimur,
1064 1981 1308 2037 diligemus.

278 2208 421 2253 Quam
452 2209 585 2249 bonus
606 2217 669 2249 est
696 2209 910 2249 Morvenis
940 2208 1042 2248 rex!
1079 2209 1151 2248 Sui
1185 2223 1438 2264 suorumque
1469 2211 1583 2252 videt

223 2288 398 2338 hostem,
420 2288 633 2338 Suarena3
666 2302 748 2328 non
783 2297 923 2328 tamen
943 2296 990 2327 ut
1009 2288 1171 2328 hostem
1205 2289 1413 2342 agnoscit,
1444 2290 1516 2331 sed
1540 2300 1584 2332 ut

224 2366 405 2406 dilectae
425 2365 596 2407 fratrem
617 2366 914 2421 Agandaecae.

877 2502 934 2546 Q.

279 2594 377 2633 Non
400 2591 534 2633 solum
555 2594 669 2633 canit
689 2593 904 2643 Ossianes,
937 2593 1011 2634 sed
1031 2593 1092 2633 rei
1121 2607 1246 2647 quam
1265 2594 1392 2644 canit,
1411 2606 1475 2635 est
1495 2597 1585 2651 ipse

226 2687 320 2726 pars
359 2686 528 2726 magna.
586 2673 684 2716 Qua
713 2680 898 2726 propter,
930 2672 1003 2712 ubi
1035 2671 1132 2725 quid
1158 2682 1307 2722 narrat,
1345 2688 1580 2715 commove-
