1936 3203
994 237 1057 285 12

319 414 457 472 mite,
502 426 660 479 quum
703 410 755 459 in
804 408 1244 478 Maephersonum,
1280 410 1528 478 ipsiusque
1574 424 1727 475 popu-

320 520 442 568 lares
478 517 808 567 debacchatus
834 525 918 566 est.
995 516 1181 584 Ajebat
1205 517 1244 566 is
1284 515 1596 566 Caledonum
1634 515 1732 565 elo-

321 627 499 695 quium
523 625 846 676 rudissimum
870 643 984 687 esse,
1020 625 1146 693 ipsos
1170 625 1374 674 omnino
1397 623 1648 685 barbarOS,
1676 640 1732 671 ac

320 735 462 797 nihil,
487 735 581 784 nisi
605 735 776 796 crasse,
802 740 971 782 mente
995 733 1265 801 concipere,
1290 733 1434 795 nihil,
1458 733 1555 782 nisi
1578 732 1733 781 crasse

321 842 484 892 verbis
510 842 792 891 enunciare.
868 840 998 900 Quis
1022 857 1140 889 vero
1176 858 1277 889 non
1313 840 1549 905 intelligit
1572 839 1735 889 homi-

320 967 440 999 nem
464 949 525 998 de
548 949 812 1014 incognitis
848 949 1104 1015 protulisse
1119 947 1409 1015 judicium?
1482 945 1575 997 Nil
1599 947 1737 996 enim

323 1058 444 1106 scire
468 1074 517 1105 se
543 1055 748 1105 Gaelice
775 1056 974 1105 fatetur.
1053 1054 1328 1105 Contendit
1364 1056 1561 1106 nullum
1599 1057 1738 1120 inge·-

320 1165 393 1214 nii
430 1164 689 1230 egregium
713 1181 833 1231 opus
870 1164 1084 1232 potuisse
1109 1162 1286 1213 confici
1313 1163 1419 1212 sine
1455 1164 1738 1212 litterarum

327 1270 672 1329 adminiculis,
699 1269 831 1339 quod
856 1271 1009 1339 quam
1035 1270 1215 1320 falsum
1231 1277 1318 1332 est,
1337 1277 1397 1319 ut
1422 1287 1479 1318 ex
1505 1269 1609 1319 aliis
1633 1269 1744 1336 plu-

326 1377 478 1440 ribus,
504 1378 571 1426 sic
594 1378 772 1427 illustri
802 1385 940 1446 patet
977 1379 1197 1445 exemplo
1235 1376 1468 1439 Homeri,
1507 1377 1594 1445 qui
1617 1376 1744 1426 nihil

327 1487 532 1554 scripsit,
571 1486 809 1554 cujusque
833 1485 1152 1552 Rhapsodiae
1188 1484 1276 1534 diu
1311 1493 1418 1553 post
1446 1485 1597 1552 ipsius
1640 1483 1745 1533 obi-

328 1603 442 1643 tum
466 1593 701 1642 recitatae
726 1598 858 1654 sunt,
884 1590 1039 1639 donec
1053 1591 1141 1639 has
1166 1590 1374 1639 demum
1397 1591 1450 1639 in
1476 1589 1749 1640 Graeciam

330 1702 556 1751 intulerit
565 1699 817 1765 Licurgus
830 1720 843 1758 3
854 1699 1116 1767 Solonque,
1127 1717 1183 1748 ac
1190 1697 1493 1762 Pisistratus,
1501 1699 1749 1767 hujusque

330 1808 477 1870 filius,
494 1807 836 1875 Hipparchus,
853 1808 905 1856 in
922 1824 1034 1855 eam
1054 1805 1334 1872 redegerint
1353 1807 1585 1869 formam,
1595 1823 1750 1875 quam

335 1916 609 1966 admiratus
626 1923 697 1964 est
713 1915 1022 1964 saeculorum
1041 1914 1174 1964 ordo.
1213 1912 1414 1965 Nullibi
1433 1923 1598 1964 extare
1613 1913 1750 1964 Gae-

335 2025 428 2074 lica
441 2031 671 2093 poemata
685 2022 809 2072 tuba
825 2022 1049 2072 canebat.
1091 2021 1423 2081 Prodierunt3
1449 2023 1749 2072 instructum

335 2130 393 2170 ut
420 2138 617 2187 agmen,
646 2127 813 2187 aperto
838 2126 971 2167 stant
996 2118 1161 2184 campi
1187 2134 1427 2186 aequore3
1452 2117 1597 2179 mihi,
1624 2117 1750 2166 aliis-

337 2245 434 2295 que
458 2226 708 2276 oblectant
729 2225 973 2274 animum.
1051 2222 1212 2272 Cessit
1240 2241 1267 2271 e
1296 2223 1424 2272 vivis
1448 2221 1482 2273 J
1485 2223 1751 2287 ohnsonus,

338 2351 446 2383 suos
463 2332 574 2400 jam
598 2348 764 2399 passus
788 2348 975 2380 maneS.
1029 2329 1190 2379 Cedat
1206 2330 1309 2379 acie
1335 2329 1565 2393 Shavius,
1593 2331 1680 2399 qui
1703 2348 1754 2380 se

339 2439 455 2489 inde
480 2455 733 2488 cessurum
755 2436 1064 2505 promiserat,
1091 2436 1130 2485 si
1169 2436 1277 2504 quis
1315 2437 1395 2485 vel
1419 2436 1575 2503 digito
1600 2437 1756 2507 quod-

342 2547 415 2595 vis
431 2547 747 2596 monstrasset
757 2543 1025 2594 Gaelicum
1044 2545 1291 2613 exemplar
1306 2550 1613 2613 poematum,
1629 2563 1756 2615 quae

343 2652 542 2703 Ossiani
568 2651 966 2704 vindicabantur.
