1936 3203
653 283 810 318 NoTAE
836 281 892 316 IN
919 281 1017 316 ΠΒ.
1047 281 1081 314 ῑ.
1483 263 1590 315 205

879 534 932 570 V.

275 613 504 653 Hiberniae
532 625 606 652 rex
637 622 726 652 erat
745 626 796 651 eo
816 621 1007 664 tempore
1044 611 1253 657 Cormac;
1285 616 1414 663 atque
1449 610 1584 651 adhuc

218 691 434 746 puerulus.
465 691 561 731 Fuit
581 690 776 745 Phingali
798 689 1109 730 necessitudine
1131 687 1223 741 conj
1233 696 1384 727 unctus
1403 703 1411 728 z
1444 704 1468 728 a
1484 703 1584 743 rege

222 785 319 811 nam
337 772 585 820 Trenmore,
605 769 822 824 Phingalis
839 782 1008 823 proavo,
1030 768 1152 807 duxit
1172 767 1392 822 originem.

851 917 905 955 U.

276 1009 386 1049 Cum
405 1009 566 1063 tragica
584 1009 775 1062 exponit,
796 1007 1017 1061 praecellit
1037 1007 1250 1046 Ossianes.
1298 1004 1579 1046 Duchomeris

219 1087 406 1137 saevitia,
434 1088 547 1142 quod
568 1096 707 1128 narrat
726 1087 887 1126 facinus
917 1085 978 1125 nil
999 1085 1200 1134 curantis,
1240 1084 1419 1124 Murnae
1441 1084 1584 1124 solerti

217 1167 410 1221 virilique
430 1168 595 1216 virtute,
613 1165 764 1220 rapida
778 1166 980 1214 oratione,
994 1177 1105 1218 quae
1125 1173 1255 1202 totam
1272 1162 1462 1216 explicat
1482 1176 1584 1211 rem,

217 1250 345 1299 atque'
363 1245 524 1286 alterno
543 1245 843 1299 insperatoque
865 1241 1138 1297 percellimur
1159 1241 1359 1291 vulnere3
1381 1240 1586 1294 dulcique

217 1324 359 1363 nescio
375 1323 462 1377 qua
482 1322 663 1362 demersi
683 1321 948 1375 aegritudine
970 1319 1324 1373 conquiescimus·

848 1469 904 1506 X.

274 1559 461 1608 Gormal,
480 1559 695 1598 Lochlinis
715 1571 845 1595 mons.

846 1705 896 1743 Y.

275 1797 525 1850 Saepissime
545 1795 730 1835 luxuriat
751 1795 988 1842 Homerus3
1011 1794 1052 1832 in
1085 1792 1163 1832 hoc
1181 1790 1456 1832 describendo
1485 1804 1583 1830 cur-

217 1867 280 1929 ru,
294 1877 525 1933 jugalibus,
546 1875 724 1928 ipsoque
746 1872 1003 1914 Cuchulline
1025 1871 1241 1912 Ossianes.
1300 1871 1431 1911 Haud
1462 1870 1586 1910 dubi-

218 1957 391 1998 tandum
413 1953 516 2009 quin
538 1953 686 2007 paucis
706 1952 965 2005 exposuerit,
994 1964 1104 2005 quae
1135 1950 1296 1990 viderat
1315 1951 1556 2005 explorator
1575 1965 1583 1990 :

223 2046 265 2077 at
281 2043 398 2076 erant
413 2047 464 2073 ea
483 2032 616 2072 fusius
637 2029 908 2085 proponenda
929 2030 1116 2070 Ossianis
1134 2028 1402 2079 auditoribus,
1424 2031 1584 2083 quippe

219 2115 292 2169 qui
314 2113 480 2161 talibus,
500 2109 873 2165 utpotejucundiS,
890 2110 1215 2150 oblectarentur.

291 2204 414 2241 Omne
431 2202 518 2240 tulit
535 2208 717 2252 punctum
736 2201 799 2250 qui
816 2200 966 2237 miscuit
983 2200 1075 2237 utile
1094 2199 1208 2244 dulci,

292 2280 492 2317 Lectorem
512 2277 750 2321 delectando,
769 2275 982 2325 pariterque
1001 2274 1183 2312 docendo.

1290 2323 1399 2359 Hon.
1419 2323 1468 2360 A.
1485 2324 1536 2361 P.

222 2418 361 2459 Didus
389 2417 555 2458 violavit
572 2417 786 2457 historiam
806 2413 1026 2468 Virgilius,
1058 2411 1333 2466 popularibus
1354 2410 1583 2464 placiturus

221 2499 320 2538 suis.
396 2497 430 2536 E
458 2496 597 2536 rhedis
641 2496 894 2550 pugnavisse
929 2492 1074 2533 Gallos
1097 2492 1406 2545 Britannosque
1428 2491 1584 2531 docent

220 2577 376 2616 Caesar
395 2584 438 2616 et
454 2575 640 2615 Tacitus.

867 2639 890 2665 c
909 2642 931 2665 c
