1936 3203
912 295 973 342 21

235 486 515 539 proponere.
605 469 686 517 Sic
724 471 942 537 namque
983 469 1044 517 ad
1086 470 1250 519 multo
1292 471 1648 537 praestantiora

235 575 540 627 aestimanda
586 576 845 636 tollimur3
908 577 1002 626 hac
1056 578 1415 646 sapientissima
1463 577 1647 627 eruditi

231 685 501 751 disciplina,
529 701 655 751 quae
679 702 815 733 1111116
829 704 912 753 spe
937 688 1298 753 praesumimus
1326 687 1644 754 amplissima,

227 794 434 843 tandem
461 792 724 861 aliquando
763 793 815 842 in
854 792 959 843 Dei
984 803 1168 858 mente,
1195 796 1336 864 quasi
1362 796 1497 844 fonte
1522 796 1646 845 luci-

224 902 521 970 dissimoque
559 901 752 968 speculo
793 903 1068 964 aeternum,
1121 911 1269 971 atque
1319 901 1643 952 inenarrabili

224 1028 340 1060 611111
365 1008 563 1077 gaudio,
590 1007 918 1058 intuebimur.

291 1222 453 1274 Haud
478 1226 764 1291 ignoramus
794 1223 946 1290 quam
984 1222 1146 1271 multa
1182 1223 1323 1272 nobis
1364 1223 1635 1274 abstulerat

219 1340 388 1380 vetera
411 1332 591 1398 scripta
614 1337 833 1378 vastator
858 1329 953 1390 ille,
992 1329 1280 1394 Anglorum
1305 1348 1405 1392 rex,
1432 1329 1637 1380 Eduar-

218 1437 308 1487 dus
350 1437 552 1487 Primus
576 1457 589 1496 3
638 1437 792 1505 quam
830 1437 991 1485 multa
1038 1437 1302 1506 plusquam
1351 1438 1505 1487 civilis
1554 1440 1635 1488 ille

215 1547 353 1597 furor
390 1554 687 1606 nostratum,
727 1545 829 1612 qui,
856 1545 1105 1593 saeviente
1147 1546 1492 1612 perduellionis
1521 1565 1635 1614 pro·-

216 1656 352 1716 cella,
384 1661 586 1722 patrum
622 1652 831 1719 pertaesi
870 1669 1021 1712 sacra,
1066 1652 1306 1720 novisque
1345 1652 1490 1702 rebus
1529 1662 1633 1704 stu-

214 1760 401 1822 dentes,
429 1760 636 1827 antiqua
660 1766 990 1806 monumenta
1026 1757 1245 1808 fiammis
1284 1759 1525 1809 abolenda
1549 1762 1634 1811 de·-

213 1874 478 1918 creverunt
505 1886 519 1925 3
581 1865 735 1933 quam
801 1864 961 1912 multa
1019 1863 1312 1914 Cromuellii
1359 1868 1587 1931 tyrannis
1614 1889 1630 1929 3

212 1978 365 2045 quam
388 1974 551 2024 multa
576 1972 790 2039 denique
815 1971 1021 2036 Anglici
1040 1970 1141 2020 dux
1157 1972 1393 2022 exercitus
1418 1973 1514 2036 ille,
1541 1976 1630 2043 qui

210 2082 472 2133 Britannis
489 2080 705 2130 restituit
729 2096 833 2127 rem
855 2099 867 2138 ;
895 2097 1121 2147 quaeque
1148 2078 1280 2142 inde,
1306 2079 1397 2129 ubi
1431 2081 1483 2129 in
1511 2080 1631 2130 Sco-1

205 2193 347 2252 tiam,
366 2188 578 2257 jubente
603 2205 734 2252 rege,
772 2185 950 2235 Carolo
978 2186 1221 2249 Secundo,
1247 2205 1377 2236 nave
1402 2187 1634 2238 remitte*

205 2298 407 2359 bantur,
434 2295 709 2363 absumpsit
734 2302 929 2363 pontus,

274 2511 351 2559 At
388 2511 517 2572 licet,
558 2510 645 2578 qui
687 2510 877 2577 primus
921 2507 1144 2558 Ossianis
1185 2506 1410 2556 carmina
1449 2507 1624 2560 litteris

202 2616 451 2685 expressit,
490 2616 662 2666 fuisset
698 2615 732 2666 J
736 2634 918 2666 oannes
957 2614 1349 2684 FarquarsonUS,
1376 2633 1476 2666 non
1514 2628 1622 2669 erat

202 2743 288 2774 cur
336 2741 422 2773 nos
471 2740 626 2791 usque
662 2742 761 2774 non
825 2723 1078 2792 potuerint
1144 2722 1393 2772 advenire,
1511 2727 1618 2786 Qui

930 2833 956 2866 e
