1936 3203
953 266 1020 317 32

278 463 402 515 quas
436 451 684 510 gesserant
710 443 780 504 hi,
809 448 958 509 atque
1001 442 1118 509 ipse,
1159 457 1320 489 comes
1361 437 1559 487 additus
1604 456 1703 489 non

279 552 502 615 infimus,
530 560 830 618 gratumque
856 549 1079 599 facturus
1100 549 1289 610 multis,
1316 548 1435 597 hinc
1459 546 1576 596 inde
1591 564 1707 595 cons-

280 659 598 710 venientibus
625 658 686 707 ad
711 658 962 722 insignem
988 657 1295 707 audiendum
1340 655 1589 717 Bardum,
1634 672 1710 703 re-

282 771 354 835 gis
402 767 694 836 praestantis
743 765 922 828 filium,
969 766 1080 833 jam
1128 783 1313 827 senem,
1364 764 1708 831 omniumque,

282 891 402 943 quos
430 873 769 934 adamaverat,
797 871 1040 924 afflictum
1066 872 1342 934 funeribus,
1369 872 1594 921 carmina
1637 869 1710 918 di-

286 981 442 1033 cebat.
519 979 661 1032 Hinc
684 988 791 1028 tota
815 978 918 1047 ejus
942 986 1236 1047 poematum
1279 977 1545 1047 repetenda
1569 978 1711 1039 rati0‚

284 1107 543 1158 sonusque„
642 1086 785 1137 Hinc
832 1104 1087 1137 summam
1137 1088 1365 1156 adjungit
1413 1086 1712 1152 dignitatem

286 1215 514 1251 summae
540 1195 896 1264 querimoniae.
977 1194 1147 1245 Cursu
1172 1194 1429 1245 Homerus
1455 1194 1557 1243 ruit
1586 1193 1717 1261 rapi-

287 1307 350 1356 do
368 1328 381 1366 3
421 1305 719 1375 quandoque
746 1305 902 1352 etiam
928 1303 1183 1353 dormitat.
1261 1302 1522 1369 Lugubris
1548 1310 1606 1350 ut
1645 1308 1715 1350 est

289 1415 539 1476 Ossianes‚
565 1412 819 1479 grandior,
846 1411 1095 1461 verendus
1123 1429 1212 1460 ceu
1251 1429 1350 1472 rex,
1397 1411 1720 1477 attollensque

287 1522 500 1584 sublime
526 1540 592 1585 os⁷
619 1521 743 1570 duce
769 1538 960 1589 semper
986 1519 1242 1590 sapientia⁷
1264 1519 1519 1586 spatiatur.

360 1739 453 1800 At,
480 1739 591 1787 licet
616 1756 716 1786 non
743 1738 899 1786 instar
925 1735 1137 1786 Socratis
1155 1734 1442 1796 consederit,
1469 1733 1530 1782 ad
1556 1733 1720 1783 homi-

287 1861 416 1894 num
453 1842 791 1892 informandos
830 1859 988 1890 mores
1039 1849 1225 1903 auctor,
1270 1860 1326 1890 ex
1366 1840 1718 1906 Phingaleidos

290 1968 423 2002 nexu
447 1950 570 1998 haec
608 1967 795 2014 magna
834 1949 1150 2017 consequitur
1195 1949 1402 1997 veritas:
1456 1965 1717 2015 corporum

289 2058 442 2112 robur
467 2056 681 2106 debellat
700 2057 773 2105 vis
791 2077 805 2116 3
845 2057 1027 2105 ferocia
1052 2065 1251 2125 pectora
1293 2058 1415 2106 lenit
1457 2056 1714 2106 modestia.

292 2166 511 2232 Singulis
539 2173 710 2214 autem
735 2165 961 2232 expositis
989 2164 1182 2214 casibus
1210 2166 1333 2223 aliae
1360 2166 1581 2233 aliaeque
1606 2182 1717 2232 per-

289 2275 527 2351 pulchrae
552 2273 895 2341 depinguntur
921 2274 1165 2327 veritates,

363 2491 515 2551 Quod
543 2489 602 2540 ad
644 2489 770 2557 epici
807 2489 1050 2556 poematis
1088 2490 1268 2538 attinet
1310 2505 1559 2555 personam,
1599 2486 1721 2535 haec

293 2598 460 2648 forsan
488 2597 740 2649 monenda
765 2598 943 2647 forent.
1021 2596 1160 2659 Hae,
1197 2597 1335 2645 velut
1365 2595 1500 2645 iridis
1526 2594 1718 2654 colores,

293 2706 511 2773 coelique
532 2706 707 2768 sidera,
737 2705 1143 2755 discriminentur
1166 2725 1179 2764 ;
1215 2704 1462 2773 quaedam
1481 2708 1715 2753 notentur
