1936 3203
1029 270 1094 320 14

346 447 498 505 lelus3
526 445 721 514 quidvis
747 463 846 494 esse
870 455 1064 514 praeter
1088 465 1245 498 unam
1271 449 1532 514 ingentem
1557 450 1759 513 molem,

340 562 510 603 mente
535 552 832 621 praeditam,
859 561 1008 622 atque
1034 556 1087 604 in
1112 556 1419 606 immensum
1445 556 1591 605 fac-ies
1630 558 1763 606 vari-

342 670 529 724 antem,
559 662 799 730 Spinosa3
828 670 976 731 atque
1001 663 1124 712 haec
1147 664 1219 713 illi
1243 664 1382 713 miris
1410 672 1628 713 astruere
1648 663 1765 713 sub-

342 768 608 820 tilitatibus
635 777 895 820 conantur.
972 771 1080 830 Qui
1103 789 1250 839 porro
1284 772 1341 820 iis
1367 772 1645 821 refellendis
1671 772 1769 821 im-

343 885 640 938 moraretur,
666 894 870 944 operam
907 877 1133 945 perderet
1169 879 1463 948 oleumque:
1501 897 1595 928 nec
1618 878 1764 928 video

344 988 430 1054 qui
468 984 676 1034 tandem
716 984 777 1033 ad
815 1003 865 1034 se
902 994 1212 1048 revocentur,
1251 988 1347 1036 nisi
1384 1005 1440 1037 eo
1465 987 1766 1038 validissimo

342 1102 655 1159 argumento,
682 1110 797 1161 quo,
822 1110 1035 1159 magnus
1060 1094 1140 1142 ille
1179 1093 1487 1144 Dialecticae
1512 1096 1765 1161 magister,

344 1202 636 1251 Aristoteles
663 1199 871 1250 docebat
903 1200 1024 1250 talia
1061 1200 1324 1252 delirantes
1350 1211 1573 1271 oportere
1598 1203 1766 1252 redar-

347 1312 447 1376 gui.

417 1521 504 1573 En
530 1542 666 1574 nunc
690 1524 998 1588 Achilleum,
1015 1525 1054 1574 si
1070 1525 1256 1593 superis
1281 1525 1457 1591 placet,
1482 1524 1639 1573 nostri
1654 1524 1766 1591 phi-

344 1632 531 1700 losophi
581 1629 968 1697 argumentum!
1033 1632 1183 1690 Quae
1220 1629 1519 1679 tribuuntur
1567 1628 1767 1679 Ossiani

345 1741 585 1801 carmina,
624 1757 725 1788 non
751 1739 855 1805 ejus
881 1757 980 1788 esse
1016 1747 1250 1807 possunt3
1290 1739 1460 1806 itaque
1497 1755 1598 1786 non
1635 1745 1765 1786 sunt.

345 1848 414 1910 Si,
441 1847 572 1915 quod
598 1847 821 1914 primum
847 1846 932 1893 hic
965 1854 1052 1906 est,
1091 1844 1406 1905 concedatur,
1444 1861 1545 1892 non
1571 1853 1642 1892 est
1680 1862 1769 1894 cur

344 1963 653 2024 postremum
676 1961 901 2019 negetur.
960 1953 1036 2002 At
1060 1952 1190 2001 mihi
1206 1951 1278 1999 fas
1293 1958 1460 1999 totum
1479 1950 1589 2012 hoc,
1607 1967 1766 2018 quan-

342 2075 655 2132 tumcunque
693 2069 779 2124 est,
819 2069 1118 2110 convertere.
1202 2058 1348 2108 Haec
1387 2060 1612 2108 carmina
1649 2069 1766 2109 sunt

344 2172 594 2222 Ossianis:
624 2172 732 2240 quis
758 2187 873 2235 ergo
897 2176 1046 2235 neget
1070 2168 1198 2217 illius
1224 2185 1324 2216 esse
1348 2166 1599 2235 potuisse?
1634 2165 1764 2217 Dia-

346 2294 573 2342 lecticam
625 2290 864 2358 utrinque
915 2286 1147 2336 videmur
1209 2286 1396 2335 callere.
1503 2284 1537 2335 J
1542 2303 1625 2335 am
1675 2305 1765 2353 ego

343 2417 450 2449 rem
476 2397 771 2448 confirmavi
796 2412 995 2454 meam3
1033 2411 1189 2462 eoque
1213 2410 1329 2443 usus
1367 2392 1442 2441 fui
1479 2391 1764 2460 disciplinae

344 2507 696 2574 doctrinaeque
739 2521 934 2570 genere,
972 2519 1070 2571 quo
1118 2500 1316 2568 rejecto,
1368 2507 1539 2549 actum
1588 2508 1660 2549 est
1702 2500 1763 2549 de

344 2613 589 2676 Homero,
615 2612 846 2679 Virgilio,
874 2610 1078 2679 aliisque
1116 2606 1420 2677 quibuslibet
1460 2606 1758 2668 auctoribus,

342 2724 429 2792 qui
455 2724 751 2790 quacunque
775 2728 935 2770 terrae
959 2717 1122 2787 plaga,
1161 2717 1399 2785 quovisve
1422 2724 1644 2784 tempore
1667 2713 1757 2764 flo-
