1936 3203
872 291 943 341 49

195 474 375 544 quibus
401 490 540 522 arma
563 470 832 537 virumque
846 485 996 518 suum
1020 469 1334 538 prosequitur
1358 468 1616 537 Virgilius,

200 583 331 634 Sunt
373 581 562 630 etenim
609 578 891 629 brevissimi
926 598 940 637 3
995 578 1187 646 primus
1234 579 1511 649 tertiusque
1553 581 1617 631 ob

197 686 452 758 quandam
489 686 738 735 vocalium
764 684 1062 746 litterarum,
1103 682 1284 752 quibus
1318 685 1619 737 immoratur

194 818 305 862 vox,
331 797 715 848 similitudinem
758 804 1028 846 consonant
1062 796 1154 847 sub
1179 797 1372 858 finem;
1411 800 1619 869 quisque

195 907 500 975 completum
527 906 819 974 plerumque
834 922 952 972 prae
971 923 1020 953 se
1040 904 1135 954 fert
1154 923 1370 970 sensum,
1387 906 1621 977 facilique

196 1031 342 1063 cursu
367 1012 630 1062 delabitur.
707 1012 852 1071 Quin
901 1010 1111 1060 Gae'lica
1147 1012 1320 1080 linqua
1344 1015 1506 1063 multo
1548 1023 1621 1065 est

198 1120 389 1171 Latina
426 1119 712 1188 expeditior.
789 1117 881 1168 Nil
912 1117 1132 1184 dactylos
1173 1126 1333 1181 curat,
1371 1127 1458 1168 aut
1473 1138 1619 1188 spon-

195 1226 326 1289 deos,
350 1227 544 1287 aliosve,
572 1243 692 1293 quos
717 1225 962 1287 noverim,
1001 1223 1161 1292 pedes,
1257 1223 1619 1278 Dissolvendus

194 1325 364 1392 itaque
388 1323 517 1372 mihi
542 1330 648 1370 erat
667 1338 836 1370 versus
862 1320 1103 1383 OssianiS‚
1129 1338 1388 1391 novusque
1404 1323 1621 1374 conden-

192 1430 302 1493 dus,
325 1431 411 1500 qui
434 1439 607 1479 tamen
634 1429 925 1497 exemplaris
950 1428 1127 1478 innata
1146 1429 1527 1496 progrederetur
1542 1432 1620 1482 in-

193 1538 316 1589 dole.
391 1538 458 1589 In
484 1539 535 1589 id
561 1557 675 1605 ergo
700 1537 927 1599 incubui,
953 1545 1028 1598 ut,
1053 1537 1215 1603 priore
1240 1535 1464 1587 Ossianis
1481 1540 1620 1589 velu-

195 1647 235 1694 ti
259 1645 555 1713 pessundato
582 1663 797 1714 corpore,
823 1645 876 1694 in
902 1645 999 1705 illo,
1041 1643 1171 1711 quod
1193 1644 1295 1712 ipse
1320 1644 1488 1696 denuo
1517 1665 1620 1697 cre-

196 1754 295 1811 avi,
323 1753 498 1802 eadem
524 1753 728 1802 omnino
745 1760 867 1801 esset
886 1752 1134 1814 materieS,
1150 1753 1455 1823 pulcherque
1469 1757 1586 1808 ordo
1604 1779 1618 1819 3

195 1861 329 1910 idem
346 1860 532 1929 ubique
545 1860 713 1922 robur,
732 1868 881 1928 atque
894 1859 1124 1927 majestas
1142 1880 1156 1920 3
1178 1860 1354 1910 eadem
1374 1863 1621 1931 lacryma-

195 1967 303 2017 bilis
331 1967 494 2029 facies,
521 1966 797 2035 eademque
814 1984 898 2036 per
917 1985 1088 2018 omnes
1103 1969 1271 2020 infusa
1290 1989 1432 2023 mens
1450 1982 1585 2025 artus
1603 1997 1617 2037 3

194 2084 251 2125 ut
277 2075 412 2125 idem
437 2075 653 2144 denique
679 2074 929 2138 Ossia11e8‚
946 2074 1302 2128 Romanorum
1317 2079 1528 2132 donatus
1550 2085 1619 2134 ci-

194 2184 367 2246 vitate,
394 2184 714 2252 ipsorumque
756 2184 982 2251 apprime
1011 2183 1212 2236 edoctus
1238 2187 1485 2254 linguam,
1529 2209 1619 2241 sua

194 2292 419 2341 carmina
444 2290 648 2357 Virgilii
673 2293 727 2341 in
752 2309 947 2342 morem
972 2292 1332 2348 modularetur,

266 2503 523 2555 Immenso
548 2524 743 2574 prorsus
760 2506 942 2569 labore,
968 2525 1198 2577 novoque
1212 2510 1405 2575 ingenii
1426 2515 1616 2566 acumi-

195 2630 258 2662 ne
283 2611 509 2679 fingendi
542 2624 659 2664 sunt
703 2615 883 2666 Latini
908 2635 1105 2667 versus:
1152 2618 1505 2691 agendumque
1530 2642 1615 2673 ve—

195 2723 304 2787 luti,
339 2722 378 2772 si
418 2740 474 2772 ex
514 2723 796 2776 durioribus
837 2724 1061 2795 undique
1101 2727 1387 2796 conquisitis
1422 2731 1613 2799 lapillis,
