1936 3203
242 301 341 336 ΜΒ.
369 302 424 336 11.
609 302 723 336 sivi:
749 301 1003 338 HIBERNIA
1030 301 1303 338 mamma.
1592 294 1660 344 ,05

238 475 336 525 Sed
361 468 522 545 neque
546 475 823 526 Lochlineo
849 492 1053 542 surgens
1080 478 1133 528 in
1160 496 1347 529 cornua
1372 481 1516 543 saltu,

236 570 383 622 Ullus
411 570 665 622 anhelabit
691 588 864 621 cervus
890 580 1103 622 vexante
1127 571 1350 624 Luatho.

305 665 458 716 Tune
481 667 654 733 igitur,
676 666 910 734 bijugum
927 667 1130 719 demens
1157 672 1370 737 agitator
1396 690 1656 742 equorum,

232 759 399 813 Morla
423 762 589 825 refert,
617 761 766 812 audes
792 762 981 815 iterum
1004 782 1296 816 concurrere
1320 769 1442 834 regi,
1557 770 1660 820 180

231 858 339 917 Qui
363 859 523 926 potis*
551 866 623 907 est
647 866 853 921 terram,
880 859 996 909 belli
1022 878 1150 929 quae
1174 863 1377 912 suscitat
1402 864 1513 926 iras,

231 953 441 1004 Sedibus
470 955 713 1016 avulsam,
739 956 947 1023 propriis
974 964 1173 1006 vectare
1199 958 1417 1008 carinis?

228 1046 376 1099 Neve
402 1050 520 1099 facit
546 1050 699 1118 pluris
725 1050 967 1100 viridanti
992 1053 1180 1101 vertice
1206 1054 1348 1102 colles

232 1144 443 1194 Erineos
468 1146 632 1213 pelagi
657 1145 889 1208 domitor,
916 1164 1000 1195 rex
1026 1145 1288 1197 Lochlinis
1315 1150 1455 1199 altus.

298 1241 458 1291 Haud
468 1242 622 1310 opusl·
636 1250 706 1291 est
715 1242 904 1302 verbis3
922 1243 1084 1291 victus
1092 1242 1203 1304 tibi,
1215 1241 1398 1307 Morla,
1411 1246 1656 1315 loquendo

227 1337 364 1386 Cedo
390 1337 639 1406 equidem,
667 1338 792 1387 nulli
818 1337 943 1387 duro
969 1339 1244 1389 certamine
1269 1339 1401 1402 belli,
1553 1344 1658 1395 186

225 1432 503 1500 Suscipiens
533 1432 806 1483 Cuchullin
835 1434 920 1495 ait,
950 1432 1215 1484 Semonius
1242 1435 1398 1484 heros.

225 1528 336 1576 Stat
360 1546 586 1595 pugnare
612 1546 796 1578 manu:
838 1528 1225 1595 dominabiturqfi
1253 1530 1414 1581 Erine
1437 1532 1652 1585 Cormac

225 1622 497 1689 Supremus
524 1631 699 1684 rector,
727 1623 852 1672 dum
878 1625 1079 1692 spiritus
1106 1626 1192 1674 hos
1219 1636 1358 1693 reget
1386 1638 1535 1679 artus.

220 1716 369 1765 Talia
386 1717 694 1784 jactantem§
723 1717 964 1781 Morlam,
991 1720 1069 1769 vir
1095 1722 1332 1784 maxime,
1363 1721 1577 1788 ConnaL

218 1811 443 1861 Audisti:
473 1812 709 1861 laudasne
736 1814 927 1863 iterum
954 1833 1036 1864 me
1060 1834 1278 1884 pangere
1302 1837 1494 1885 pacem,
1549 1823 1646 1874 191

222 1907 526 1976 Bellipotens
553 1909 713 1971 heros,
742 1909 930 1976 frangis
958 1912 1044 1979 qui
1070 1911 1197 1962 dura
1220 1922 1487 1982 potentum

221 2004 374 2055 Scuta
398 2006 582 2055 virum.
658 2003 855 2068 Vitam,
885 2004 1093 2073 Crugal,
1121 2010 1207 2077 qui
1233 2009 1369 2077 degis
1394 2013 1626 2079 inertem,

220 2104 341 2162 Qu&
367 2102 494 2151 mihi
520 2096 627 2150 dira
653 2102 803 2162 canis,
831 2120 1046 2168 magnae
1072 2107 1174 2172 qu&
1200 2108 1374 2173 stragis
1402 2113 1630 2160 acervos?

220 2198 451 2264 Exiguae
477 2216 643 2246 caecas
672 2198 813 2246 aulae
829 2197 979 2264 juvat
1006 2200 1078 2248 ire
1104 2200 1197 2249 sub
1222 2189 1442 2265 umbras,
1546 2208 1645 2260 195

223 2293 465 2343 Carmina
491 2292 759 2342 sublimem
785 2293 825 2341 si
851 2311 948 2355 me,
976 2295 1014 2342 si
1040 2295 1196 2360 gloria
1221 2297 1375 2346 tollat.

220 2388 393 2438 Erinis
418 2390 448 2437 ὃ
473 2387 643 2456 pubes,
671 2388 826 2456 pubes
854 2398 1047 2439 assueta
1071 2391 1358 2458 triumphis,

221 2484 509 2536 Arboreum
534 2492 711 2553 torque
736 2486 897 2553 pilum
922 2494 1198 2555 tenuesque
1223 2488 1440 2552 sagittas

547 2650 570 2674 *
586 2649 698 2694 Nota,
720 2650 769 2686 G.
873 2654 897 2698 †
917 2651 966 2686 H.
1074 2651 1139 2699 ssl.
1250 2654 1268 2697 {-
1298 2653 1345 2688 K,
