1936 3203
216 292 378 327 LIB.1.
554 293 669 327 SIVE
706 291 961 327 HIBERNIA
1001 290 1279 339 LIBERATA,
1572 280 1637 333 75

230 465 514 517 Effundens
536 465 683 514 niveo
708 463 915 532 suspiria
938 471 1149 532 pectore,
1168 464 1328 514 tristes

227 561 317 612 Da
340 563 599 627 lacrymas,
625 558 772 622 Evir,
797 558 1023 622 Ardano,
1040 578 1191 629 quem
1214 558 1406 610 fervida
1425 559 1584 610 virtus

226 656 508 708 Transtulit
524 655 586 705 ad
605 655 808 718 bellum,
826 672 977 724 quem
996 673 1097 704 non
1116 663 1286 705 tamen
1302 654 1419 704 inde
1433 654 1645 706 reduxit.

226 750 353 815 Hos,
378 752 535 802 veluti
559 751 783 818 geminas
802 750 994 801 deserta
1017 769 1104 820 per
1124 752 1238 802 avia
1265 769 1451 814 cervas,
1540 752 1647 803 400

227 847 417 898 Stravit
441 847 587 896 humi
608 845 817 909 Suaren,
843 846 1019 897 mediis
1044 846 1135 896 ubi
1158 845 1377 896 millibus
1406 845 1529 908 ibat,

226 942 381 1004 Sicut,
407 940 542 991 nube
567 940 736 991 sedens
762 940 1023 1010 gelidoque
1047 941 1303 1010 Aquilone
1327 941 1590 1009 profectUS,

222 1034 417 1086 Navita
433 1036 462 1067 ἐκ
488 1034 777 1085 nimbosum
799 1035 972 1104 rapido
997 1043 1126 1084 secat
1156 1035 1358 1084 aethera
1381 1036 1511 1097 nisu,

222 1130 449 1200 Despicit
456 1139 513 1181 ut
520 1132 917 1200 moerenS,periit
924 1131 1060 1200 queis
1068 1130 1340 1196 naufragus
1355 1129 1518 1179 undiS.
1537 1131 1640 1183 405

292 1225 441 1276 Neve
465 1226 763 1295 quiescebas,
790 1226 981 1288 ductor,
1009 1225 1090 1274 cui
1114 1223 1305 1275 roscida
1329 1226 1482 1274 servit

220 1319 420 1371 Insula:
448 1339 668 1389 namque
690 1329 841 1370 tuum
865 1319 1060 1368 victrici
1084 1319 1245 1368 limite
1268 1319 1430 1368 telum

220 1414 431 1465 Ferbuit
454 1415 710 1478 infestum,
736 1421 900 1463 vastat
920 1431 1011 1462 ceu
1031 1412 1256 1462 fulminis
1281 1413 1372 1476 ira,

221 1510 360 1561 Cum
383 1512 551 1580 populi
575 1512 673 1560 late
698 1508 1038 1579 procumbunt
1056 1508 1269 1558 vallibus
1293 1508 1424 1571 imis,

218 1605 292 1655 Et
316 1614 508 1655 montes
536 1605 683 1654 avida
705 1605 946 1653 collucent
961 1601 1184 1670 undique
1204 1601 1429 1652 flamma.
1528 1604 1635 1655 410

215 1700 335 1751 Ibat
354 1700 661 1763 Dusronnal,
688 1699 993 1767 fremituque
1019 1698 1044 1746 e
1070 1697 1274 1747 naribus
1300 1698 1438 1763 ignes

216 1794 467 1845 Efflabat:
496 1796 704 1845 celerem
729 1795 853 1844 lavit
878 1792 1085 1844 Sifadda
1109 1811 1282 1842 cruore

215 1888 479 1957 Ungulam
503 1892 555 1940 in
581 1890 809 1940 undanti.
886 1887 1139 1938 Bellantes
1163 1906 1292 1956 pone
1308 1888 1563 1957 jacebant,

212 1983 390 2035 Victus
415 1994 473 2035 ut
500 1985 562 2035 ad
589 1984 821 2035 Cromlae
844 1983 1086 2033 torrentia
1109 1981 1326 2033 fiumina
1349 1984 1504 2048 lucus,

213 2078 349 2130 Cum
364 2081 468 2130 sine
487 2098 624 2130 more
640 2079 764 2129 furit
777 2078 942 2142 turbo,
952 2079 1241 2147 circumque
1255 2079 1512 2129 vehuntur
1527 2081 1632 2132 415

210 2173 468 2226 Horrendi
495 2175 762 2238 LemureS,
789 2183 839 2224 et
864 2175 1057 2224 coelum
1082 2174 1335 2244 questibus
1361 2176 1586 2245 implent.

210 2268 417 2321 Pectore
441 2271 534 2321 sub
559 2272 696 2321 molli
716 2272 911 2321 luctum
937 2271 1252 2339 gemitusque
1277 2272 1419 2334 cieto,

211 2361 363 2431 Rupe
388 2373 592 2415 sonante
617 2365 786 2415 sedens
808 2365 840 2432 †
865 2365 1023 2432 virgO,
1050 2383 1205 2434 quam
1228 2366 1425 2434 respicit
1448 2383 1608 2416 unam

208 2457 384 2509 Insula
407 2458 542 2510 dives
567 2478 739 2529 opum,
765 2461 922 2527 longis
950 2461 1056 2510 loca
1081 2460 1212 2510 foeta
1237 2460 1416 2511 carinis
1439 2481 1448 2511 :

207 2552 332 2604 Huc
358 2553 558 2606 adverte
582 2557 761 2619 OCUJOS,
787 2554 954 2606 Genio
978 2564 1036 2606 tu
1060 2556 1230 2624 purior
1255 2556 1353 2620 illo,
1520 2557 1628 2610 420

673 2695 698 2720 ⁵
726 2693 827 2731 Nota
844 2708 878 2731 a.
982 2696 1004 2733 †
1033 2694 1065 2731 b.
