1936 3203
253 246 356 298 192
790 261 1122 309 PHINGALEIS‚
1486 263 1568 298 ΜΒ
1612 263 1682 298 vt..

256 439 641 507 Armorumque
666 454 784 486 sono
808 436 1062 502 gaudebat
1088 435 1309 489 fervidus
1335 437 1493 487 heros.

256 535 474 602 Appulit
497 535 580 583 hic
607 532 799 582 Cracae
824 532 1088 582 lectissima
1111 531 1290 582 robora
1313 533 1476 601 pubis,

258 628 371 679 Rex
396 629 486 679 ubi
510 629 753 694 digressus
779 628 890 678 luco
915 618 1143 698 circoque
1168 627 1364 679 redibat
1587 631 1694 682 250

259 723 552 786 Brumonis,
581 721 874 774 Lemurum
897 725 1163 792 postquam
1186 723 1472 778 venerabile
1497 741 1673 780 saxum

260 818 579 888 Supplicibus
606 818 771 868 fuerat
796 819 923 869 votis
951 818 1131 869 affatus
1157 820 1210 869 in
1237 819 1402 869 armis.

260 914 434 982 Ocyus
460 914 524 965 ob
549 915 756 965 niveam
780 915 1056 969 miscentur
1080 916 1268 984 praelia
1291 915 1576 984 nympham

260 1013 482 1081 Aspera:
524 1029 647 1062 nam
675 1011 820 1062 Con&
844 1030 1030 1062 nomen
1057 1012 1351 1081 famamque
1375 1011 1581 1061 decorae

260 1109 474 1159 Anniris
500 1107 697 1158 audivit
723 1107 974 1168 Grumal3
1013 1108 1274 1177 mentique
1298 1105 1499 1160 sedebat
1585 1107 1689 1159 255

262 1202 420 1253 Hanc
444 1205 627 1254 sociare
652 1204 763 1264 sibi,
791 1212 987 1254 certove
1013 1203 1310 1256 occumbere
1335 1203 1469 1252 letho
1489 1223 1502 1261 3

262 1299 466 1351 Lucida
489 1302 665 1369 terque
690 1301 826 1350 diem
850 1318 1177 1369 pugnamque
1202 1301 1406 1350 Aurora
1429 1299 1642 1364 reduxit,

262 1394 481 1445 Vinctus
507 1404 557 1445 et
581 1404 654 1445 est
681 1395 918 1458 Grumal⁷
944 1394 1179 1444 manibus
1204 1404 1312 1462 post
1337 1404 1479 1461 terga
1506 1396 1702 1462 ligatis;

269 1490 509 1560 Cumque
534 1491 661 1541 foret
687 1492 859 1559 procul
884 1492 912 1539 a
937 1491 1101 1558 patria
1125 1490 1376 1559 turbaque
1402 1491 1685 1554 faventum,

266 1586 544 1639 Brumonis
571 1587 763 1637 clausus
789 1587 918 1637 circo
944 1594 1016 1636 est
1041 1586 1134 1636 sub
1160 1604 1283 1655 rupe
1309 1587 1502 1638 cavata,
1598 1587 1704 1640 260

265 1683 452 1735 Audiit
477 1684 562 1733 hic
588 1681 840 1734 Lemures
866 1700 1034 1732 caecas
1061 1682 1251 1732 ululare
1276 1700 1363 1750 per
1387 1680 1593 1731 umbras

266 1778 603 1830 Horrendum
628 1779 758 1828 circa
785 1778 1018 1845 Signum.
1093 1777 1292 1827 Verum
1316 1777 1433 1826 inde
1458 1777 1668 1840 refulsit,

268 1873 500 1925 AEtheris
528 1875 775 1924 extinctus
801 1892 893 1923 ceu
918 1892 1121 1924 rursum
1148 1874 1435 1924 accenditur
1462 1874 1606 1939 ignis.

269 1971 629 2038 Armipotente
655 1987 814 2019 manu
841 1969 1092 2019 crudelem
1119 1970 1335 2038 perdidit
1361 1970 1557 2019 hostem

271 2066 465 2130 Victor,
491 2075 541 2116 et
565 2067 618 2116 in
643 2046 794 2115 solido
819 2083 1005 2116 nomen
1031 2066 1323 2135 famamque
1348 2066 1544 2116 locavit.
1605 2066 1708 2127 265

273 2165 449 2224 Quare
476 2164 624 2230 agite,
651 2165 682 2213 ὃ
706 2170 861 2225 vates,
890 2163 1067 2212 lustrat
1093 2180 1212 2231 quos
1239 2180 1364 2217 cana
1388 2169 1629 2224 senectus,

273 2258 593 2311 Exanimfim
617 2259 829 2307 heroum
855 2257 1023 2307 laudes
1050 2258 1257 2307 attollite
1282 2256 1441 2320 dictis,

275 2355 511 2408 Suarenis
537 2363 586 2404 et
613 2372 754 2404 curas
780 2354 1074 2422 luctumque
1099 2355 1318 2423 repellite
1343 2355 1564 2403 inanem.

346 2451 670 2501 Procubuere
695 2451 823 2510 viri3
863 2449 1088 2500 fundunt
1114 2449 1375 2499 stridentia
1401 2451 1558 2499 crines
1605 2450 1709 2502 269

276 2547 542 2607 Flamina3
582 2566 696 2596 mox
723 2555 928 2597 centum
953 2564 1096 2596 voces
1122 2555 1427 2615 centumque
1453 2546 1546 2596 sub
1567 2564 1710 2596 auras

279 2643 448 2702 ¹'Dulce
474 2651 653 2695 Sonant
678 2643 913 2701 citharae,
991 2642 1223 2711 Sublapsi
1248 2643 1482 2711 temporis
1511 2659 1693 2692 aevum
