1936 3203
967 272 1034 320 52

371 446 485 502 Nec
506 450 645 500 aliter
670 445 732 499 de
757 458 915 518 capto.
942 452 1209 520 coramque
1236 450 1450 501 adducto
1478 451 1691 501 Sinone:

393 578 566 627 Namque
586 585 627 614 ut
647 584 854 625 conspectu
873 578 910 613 in
928 579 1053 616 medio
1073 581 1257 624 turbatus,
1278 580 1431 616 inermis

391 652 580 695 Constitit,
596 659 709 700 atque
729 651 847 687 oculis
862 651 1012 701 Phrigia
1029 653 1178 701 agmina
1197 653 1480 702 circumspexit.
1503 653 1594 689 ΖΕΝ.
1614 653 1658 689 L.
1681 656 1716 690 2.ν

357 774 559 839 VerSUS‚
586 776 736 826 unius
760 776 976 843 syllabae
1005 779 1260 827 conclusus
1289 796 1425 839 voce,
1451 778 1711 842 ingentem

286 881 440 933 habet
465 883 586 931 vim.

387 1024 602 1073 Insequitur
621 1021 771 1060 cumulo
789 1029 1012 1073 praeruptus
1030 1034 1126 1071 aque
1143 1035 1261 1059 mons.
1444 1023 1536 1060 ΖΕΝ.
1564 1024 1607 1059 L.
1631 1027 1661 1060 l.

384 1098 584 1141 Sternitur,
605 1097 862 1147 exanimisque
881 1104 1043 1134 tremens
1062 1096 1276 1146 procumbit
1295 1097 1397 1133 humi
1412 1097 1492 1133 bos.

1449 1170 1538 1206 ΖΕΝ.
1559 1170 1604 1206 L.
1621 1173 1657 1207 5,

345 1254 578 1311 ’νεηυεῖέ
604 1260 921 1329 suspenditur
946 1261 1195 1309 sententia
1217 1280 1227 1309 :

381 1405 443 1442 Ac
461 1405 564 1440 velut
582 1404 620 1439 in
638 1403 788 1446 somnis,
808 1403 938 1439 oculos
957 1403 1020 1439 ubi
1039 1403 1215 1451 languida
1232 1403 1368 1451 pressit

381 1478 505 1514 Nocte
525 1478 642 1526 quies,
661 1477 917 1526 nequidquam
936 1476 1062 1512 avidos
1081 1476 1287 1512 extendere
1307 1488 1436 1511 cursus

380 1551 488 1587 Velle
506 1551 686 1593 videmur,
707 1558 745 1587 et
762 1551 799 1585 in
819 1549 950 1586 mediis
967 1550 1161 1586 conatibus
1181 1550 1282 1599 aegri

381 1625 630 1662 Succidimus.
1441 1623 1531 1659 ΖΕΝ.
1551 1623 1596 1658 L.
1615 1626 1652 1660 9.

351 1750 420 1812 Si,
448 1750 584 1818 queis
621 1749 785 1797 utitur
820 1756 982 1816 pocta,
1022 1747 1382 1797 vocabulorum
1422 1764 1566 1796 sonus
1592 1765 1701 1815 per-

274 1851 417 1919 belle,
443 1872 564 1924 quas
588 1861 788 1914 tractat,
832 1852 978 1902 rebus
1019 1853 1268 1915 assentiat,
1310 1860 1367 1901 ut
1408 1852 1592 1901 harum
1622 1870 1699 1900 re:

272 1964 421 2013 missa
445 1960 693 2030 quaedam
718 1976 829 2021 vox,
870 1960 991 2009 alius
1017 1960 1133 2009 inde
1158 1960 1268 2008 salit
1293 1959 1548 2009 varietatis
1574 1959 1697 2021 fons,

276 2071 492 2139 vivaque
516 2068 683 2117 versus
708 2067 885 2132 gratia.

374 2212 429 2247 At
447 2210 538 2246 tuba
557 2208 758 2245 terribilem
777 2208 938 2244 sonitum
958 2207 1089 2255 procul
1108 2219 1193 2243 aere
1213 2218 1350 2243 canoro

369 2285 575 2334 Increpuit.
1428 2281 1520 2316 AEN.
1540 2281 1585 2317 L.
1604 2284 1642 2319 9.

372 2360 693 2409 Quadrupedante
710 2365 858 2408 putrem
876 2357 999 2394 sonitu
1015 2356 1134 2405 quatit
1153 2356 1293 2405 ungula
1305 2367 1490 2405 campum.

1421 2432 1511 2467 AEN.
1539 2431 1585 2467 L.
1604 2434 1639 2467 8.

372 2509 579 2559 Accipiunt
596 2508 786 2545 inimicum
804 2506 960 2544 imbrem
978 2505 1155 2554 rimisque
1173 2503 1363 2542 fatiscunt.
1428 2505 1519 2541 ΖΕΝ.
1538 2505 1584 2542 L.
1605 2508 1637 2542 1.

340 2634 492 2694 Quod
512 2651 665 2700 grave
690 2639 762 2683 est
800 2650 857 2681 ac
894 2637 1158 2693 moestum,
1203 2630 1501 2679 enunciatur
1540 2646 1686 2698 spon-

269 2744 400 2803 deis;
440 2742 571 2812 quod
596 2740 703 2792 leve
729 2760 784 2791 ac
810 2738 1065 2803 festivum,
1104 2737 1347 2805 dactylis3
1388 2737 1519 2807 quod
1562 2736 1685 2786 mol-
