1936 3203
668 285 828 319 NOTAE
854 285 923 319 ΙΝ·
936 287 1038 319 Lm.
1066 286 1136 318 vr.
1515 272 1617 323 2:27

276 534 514 574 Mediocres
536 538 685 588 poetae
707 535 787 574 buc
808 535 909 574 illuc
930 534 1184 583 discurrunt,
1214 547 1259 573 ea
1291 534 1596 586 perquirentes,

223 613 374 665 quibus
396 614 515 653 valde
551 614 726 654 lectores
762 623 1128 657 commoveantur;
1165 614 1237 668 qui
1260 614 1353 653 vere
1377 618 1500 667 poeta
1521 624 1598 663 est,

222 693 383 733 invenit
405 707 455 732 ea
476 701 590 732 recto
611 693 791 733 tramite.

888 843 940 881 K.

276 931 420 973 Refert
441 932 587 971 Conan
614 934 786 973 Homeri
807 932 1037 974 Thersitem
1060 948 1069 981 ;
1103 946 1263 985 perque
1285 932 1475 971 Ossianis
1507 945 1599 970 car-

224 1011 339 1050 mina
359 1020 526 1051 notatur
546 1012 700 1065 passim
720 1013 940 1052 verborum
962 1012 1176 1066 animique
1197 1010 1385 1049 audacia.
1450 1012 1492 1049 Si
1513 1011 1603 1063 quis

225 1105 300 1131 nos
317 1092 426 1131 inter
442 1091 659 1144 indulgeat
676 1093 791 1141 rixis,
810 1105 1022 1144 manuque
1041 1091 1092 1137 sit
1105 1089 1254 1139 futilis,
1278 1089 1375 1129 huic
1395 1090 1499 1129 solet
1517 1090 1603 1129 Co-

229 1184 307 1209 nan
324 1172 567 1224 comparari.
603 1171 704 1211 Non
726 1171 856 1210 solam
876 1171 1042 1224 probos,
1060 1169 1130 1208 sed
1148 1169 1268 1208 etiam
1293 1169 1422 1209 malos
1444 1169 1603 1209 descri-

227 1249 288 1289 bit
307 1263 440 1288 mores
462 1250 682 1298 Ossianes3
715 1259 841 1303 atque
864 1249 936 1288 hos
960 1251 1146 1302 utrisque
1169 1249 1288 1301 ponit
1308 1248 1478 1298 limites,
1497 1262 1602 1302 quos

229 1328 366 1368 lucem
390 1330 498 1368 inter
519 1329 769 1381 umbrasque
804 1328 927 1369 facile
963 1329 1242 1382 agnoscimus.
1303 1329 1441 1368 Nemo
1463 1328 1604 1380 itaque

227 1409 279 1448 ab
302 1423 366 1457 eo,
387 1408 546 1447 virtutis
569 1408 770 1458 deceptus
792 1408 946 1462 specie,
968 1409 1009 1447 in
1034 1408 1179 1447 vitium
1202 1408 1391 1447 trahitur.

886 1557 934 1594 L.

287 1649 410 1691 Quae
431 1647 619 1700 corporis
640 1646 843 1686 immunia
873 1654 985 1694 sunt,
1020 1645 1082 1684 his
1118 1645 1369 1698 plerumque
1406 1644 1605 1684 describit

230 1727 447 1775 Ossianes,
483 1741 590 1779 quae
612 1726 661 1765 ad
684 1740 836 1780 corpus
857 1727 1062 1774 attinent3
1097 1740 1168 1764 nec
1193 1734 1384 1779 poterant
1417 1725 1533 1764 aliter
1554 1740 1605 1765 ea

232 1808 422 1860 primitus
443 1806 673 1845 enunciari.
738 1807 820 1844 Iste
841 1808 963 1858 porro
986 1804 1157 1844 (licendi
1188 1819 1277 1844 mos
1309 1805 1469 1857 poesim
1501 1803 1606 1858 sapit

232 1887 380 1940 magis,
403 1900 509 1939 quae
530 1886 695 1939 pictura
713 1895 800 1933 est3
823 1884 1106 1938 majoremque
1125 1898 1222 1936 prae
1240 1897 1280 1922 se
1296 1885 1375 1923 fert
1395 1883 1606 1922 solertiam

234 1966 411 2019 ingenii,
429 1965 538 2018 quod
562 1965 603 2003 in
626 1964 797 2003 diversis
818 1963 1125 2012 coacervandis,
1147 1973 1273 2016 atque
1294 1964 1404 2003 inter
1424 1977 1467 2003 se
1490 1978 1605 2002 com-

233 2045 440 2100 parandis,
460 2044 688 2097 pliirimiim
711 2053 908 2085 versatur.

896 2189 959 2228 M.

293 2285 380 2329 Qui
402 2283 604 2337 poematis
637 2281 751 2335 epici
786 2279 1035 2334 profitentur
1068 2279 1199 2332 leges,
1231 2278 1413 2318 faustum
1446 2280 1606 2319 exitum

246 2367 384 2407 solent
403 2363 715 2418 praescribere3
737 2362 863 2399 talem
887 2359 998 2408 Ilias,
1024 2358 1152 2398 talem
1172 2357 1294 2398 habet
1311 2358 1468 2399 AEneis.
1526 2360 1606 2399 At·

237 2456 378 2485 tamen
402 2442 592 2482 Hectoris
612 2441 774 2488 funere,
793 2439 1013 2491 Turnique
1036 2451 1154 2491 nece,
1175 2436 1480 2489 aliquantulum
1502 2452 1605 2477 con-

241 2526 461 2565 tristamur.
519 2522 654 2560 Totus
670 2528 812 2559 autem
833 2517 941 2557 ridet
961 2527 1210 2571 prospectus
1232 2516 1306 2555 sub
1330 2516 1454 2556 finem
1478 2516 1606 2556 Phin-

240 2602 446 2657 galeidos:
482 2600 678 2639 liberatur
712 2596 941 2645 Hibernia3
979 2595 1201 2635 remittitur
1230 2593 1337 2633 liber
1367 2595 1407 2633 in
1429 2608 1605 2648 regnum
