1936 3203
292 273 363 326 66
841 285 1172 331 PmNGALmS,
1535 288 1633 323 mn.
1675 290 1708 322 1.

289 465 491 517 Occidit
515 464 609 514 hoc
633 464 779 512 decus
805 480 952 512 omne
977 463 1091 524 suis,
1118 463 1208 511 cefi
1232 462 1370 510 stella
1389 479 1477 530 per
1501 461 1705 512 umbras

286 560 589 612 Procurrens
607 580 620 619 3
648 558 989 627 queriturque,
1017 565 1151 606 arcto
1176 556 1263 625 qui
1279 556 1398 605 calle
1412 557 1575 606 viator
1601 559 1700 609 201

286 657 463 725 Carpit
483 657 593 717 iter,
618 652 858 704 blandam
883 654 1013 702 coelo
1038 651 1284 702 discedere
1309 652 1487 702 lucem.

283 751 387 814 Da,
407 759 521 800 tum
549 748 839 810 Cuchullin,
866 747 1014 797 fortes
1041 747 1161 816 quid
1187 747 1362 796 funere
1386 748 1558 797 mersit

278 845 517 898 Heroas?
543 843 775 912 nunquid
800 860 1015 908 magnae
1038 850 1145 910 post
1171 842 1330 892 caedis
1357 861 1553 893 acervos

278 940 593 1002 Occubuere‚
620 940 733 988 feris
758 938 959 987 infracti
984 936 1242 986 Lochlinis
1271 938 1458 987 armis?
1592 941 1695 991 205

278 1036 483 1098 Quidve
497 1044 635 1085 tenet
649 1033 910 1084 tenebrosa
925 1033 1118 1095 domUS,
1143 1051 1434 1102 semperque
1448 1035 1695 1085 tenebunt

275 1132 634 1199 Magnanimos
663 1129 896 1180 Cromlae
920 1146 1140 1198 proceres
1166 1130 1437 1196 penetralia
1461 1130 1622 1179 lethi?

344 1228 491 1279 Haec
515 1229 596 1277 olli
621 1226 786 1276 Feras.
856 1223 981 1275 Rivi
1000 1225 1279 1293 plangentis
1307 1224 1369 1273 ad
1406 1224 1616 1288 undam,

274 1326 387 1375 Sola
410 1324 502 1374 ubi
526 1323 779 1388 consurgit
803 1322 956 1370 ramis
978 1320 1265 1386 ingentibus
1291 1322 1400 1383 ilex,

270 1420 514 1471 AEmulus
538 1427 801 1488 exceptum
826 1417 988 1483 gladio
1017 1415 1226 1465 Cabada
1249 1418 1462 1484 peremit
1583 1420 1688 1469 210

269 1517 566 1567 Duchomer
584 1536 598 1576 3
624 1517 895 1583 lucumque
915 1514 1073 1563 iniens
1088 1520 1382 1581 vastamque
1397 1530 1683 1575 cavernam,

268 1612 528 1681 Conspicit
554 1618 669 1660 ante
694 1610 856 1659 oculos
881 1607 1146 1669 Murnam,
1173 1608 1254 1655 cui
1278 1607 1398 1655 talia
1422 1607 1571 1656 fatur.

264 1706 384 1770 Dic,
412 1726 518 1773 age,
545 1706 688 1756 dulce
713 1704 876 1766 decus,
905 1702 1160 1753 Cormacis
1185 1699 1398 1749 candida
1422 1701 1593 1769 proles,

264 1803 550 1863 Quidnunc
573 1802 668 1850 hoc
692 1799 917 1868 lapidum
938 1799 1066 1846 circo
1086 1815 1151 1857 eS,
1173 1795 1295 1864 quid
1310 1796 1444 1863 rupis
1465 1796 1517 1845 in
1540 1804 1681 1845 antro

263 1899 413 1950 Sola?
439 1897 596 1963 gemit
610 1904 816 1954 torrens,
843 1900 1064 1940 motatur
1083 1892 1305 1938 maxima
1325 1907 1549 1957 quercus,
1576 1892 1678 1941 215

260 1995 487 2055 AEstuat,
514 1988 651 2040 ecce!
681 1989 844 2046 lacus3
883 1992 1124 2034 montana
1149 1984 1412 2034 cacumina
1435 1984 1593 2034 nubes

261 2090 551 2140 Contexere.
627 2082 836 2144 Nivem,
863 2098 1081 2149 sparsam
1105 2079 1197 2129 sub
1222 2079 1439 2128 culmine
1465 2080 1611 2141 collis,

256 2186 374 2256 Ipsa
397 2184 547 2234 refers
573 2179 784 2230 candore
808 2194 969 2236 novo3
1005 2175 1100 2225 tibi
1125 2176 1287 2242 gratia
1311 2175 1458 2223 vivax

255 2283 360 2334 Ore
385 2279 534 2342 sedet,
554 2279 727 2343 virgo·‚
764 2275 883 2324 torti
909 2274 1013 2322 sine
1038 2273 1144 2337 lege
1169 2270 1330 2338 capilli
1566 2272 1671 2324 219

253 2379 354 2430 Per
379 2378 561 2427 collum
583 2374 813 2433 volitant,
839 2388 929 2420 ceu
955 2386 1082 2437 quae
1106 2384 1192 2435 per
1216 2383 1359 2414 saxea
1386 2363 1617 2414 Cromlae

256 2474 497 2524 Culmina
510 2471 742 2540 palantur
766 2464 994 2526 nebulae,
1019 2463 1284 2532 purisquae
1309 2461 1529 2510 relucent

255 2570 375 2620 Solis
401 2571 452 2618 in
479 2565 670 2618 AEstivi
695 2561 842 2613 radiis
867 2559 959 2610 sub
983 2576 1183 2627 vespere
1208 2574 1313 2606 sero
1332 2577 1345 2615 ;

253 2666 427 2717 Exeris
455 2674 502 2713 et
527 2671 711 2732 pectus,
738 2658 893 2729 qualis
918 2675 967 2707 se
992 2654 1190 2722 subjicit
1217 2652 1345 2703 auris
