1936 3203
280 230 348 281 82
854 248 1184 295 PHINGALEIS,
1531 251 1628 284 LIB.
1658 251 1691 284 Ι.

275 419 387 470 Vox
413 423 633 473 citharae
658 422 840 474 fidibus
866 426 1119 476 mulcebat
1143 425 1329 492 gratior
1351 425 1534 486 aulam,
1593 425 1694 476 559

275 514 516 568 Versibus
543 520 826 568 immiscens
853 539 993 571 curas
1018 522 1363 590 humilemque
1388 535 1625 589 pavorem
1648 539 1661 578 3

275 611 463 663 Fronte
487 613 797 664 nitescebant
822 617 966 679 oculi,
994 617 1173 686 quibus
1198 618 1346 683 ignea
1372 616 1557 665 cedunt

277 705 464 755 Sidera.
539 704 629 755 ,Da
653 706 853 774 quando
879 709 1065 771 venias,
1092 708 1191 758 dux
1219 727 1328 757 acer
1354 709 1407 757 in
1435 708 1600 767 armis,

275 799 371 850 Illa
397 799 716 868 querebatur,
743 800 906 850 reddit
932 803 1050 851 cum
1072 804 1193 852 talia
1221 803 1428 853 Carber.

347 894 541 963 Excipe
566 913 720 964 quam
744 898 893 961 gessit
920 896 1121 946 Crimor
1146 900 1418 947 certamine
1442 916 1688 966 parmam,

280 992 437 1041 Alma
463 1010 595 1041 soror
616 1013 630 1052 3
658 993 908 1061 facitoque
933 994 1072 1042 omni
1096 993 1329 1060 rubigine
1353 1011 1541 1062 purum
1603 994 1703 1045 565

282 1085 508 1136 Pendeat
534 1088 560 1135 ἐ
585 1087 726 1153 tigno
751 1088 964 1156 spolium
990 1088 1098 1150 hoc,
1125 1089 1253 1137 mihi
1274 1088 1411 1138 fama
1435 1089 1680 1156 perennis.

283 1180 550 1250 Nympha,
576 1182 740 1232 dolore
765 1183 945 1248 gravis,
972 1182 1271 1248 singultibus
1297 1183 1382 1232 ilia
1406 1182 1583 1232 tendit.

283 1277 574 1346 Purpureus
599 1279 732 1344 fugit
747 1297 829 1328 ore
856 1280 1014 1338 color3
1042 1279 1407 1347 lymphataque
1430 1280 1572 1328 tectis

286 1373 581 1439 Egreditur,
608 1375 865 1443 carpitque
891 1375 1045 1436 viam,
1072 1375 1333 1442 ripamque
1358 1374 1568 1442 requirit

288 1468 523 1519 Lubaris.
600 1471 861 1538 Aspiciens
888 1488 1118 1538 supremo
1144 1470 1319 1518 funere
1344 1487 1566 1518 mersum
1605 1469 1708 1523 570

288 1565 462 1623 Quem
487 1565 638 1613 coluit
654 1564 917 1631 juvenem,
945 1565 1139 1631 gemitu
1158 1564 1445 1633 praecordia
1469 1564 1676 1633 rumpit.

289 1658 397 1709 Hie
422 1660 452 1690 ³¹⁶
479 1659 723 1709 recubant
751 1659 914 1721 ambo,
945 1658 1250 1719 Cuchullin3
1289 1661 1520 1729 lentaque
1545 1669 1687 1711 taxus

293 1756 584 1824 Composito
610 1755 807 1805 dudum
833 1763 1031 1805 terreno
1058 1774 1115 1805 ex
1143 1774 1321 1822 aggere
1341 1757 1512 1822 surgit.

290 1851 465 1902 Littus
493 1851 554 1899 ad
582 1868 885 1918 aequoreum
910 1851 1070 1901 forma
1095 1860 1360 1920 superante
1384 1853 1575 1902 refulsit

293 1949 560 2013 Brasollys,
589 1946 888 2016 Crimorque
913 1949 1014 1996 una
1040 1957 1147 2015 post
1171 1967 1285 1997 saxa
1301 1949 1544 2016 jugorum
1560 1969 1574 2007 3
1616 1949 1715 2003 575

294 2043 575 2111 Vestraque
601 2041 875 2091 servabunt
900 2042 1112 2090 memori
1138 2042 1229 2091 sub
1253 2050 1449 2110 pectore
1474 2050 1611 2091 vates

294 2140 538 2202 Nomina,
564 2138 689 2188 dum
707 2138 834 2188 fluet
861 2138 1049 2187 alterno
1075 2155 1192 2187 cum
1216 2138 1415 2203 gurgite
1438 2146 1632 2206 pontus.

367 2237 527 2287 Finiit
551 2244 609 2285 ut
637 2234 818 2297 Carril,
845 2235 1031 2284 mulcet
1055 2243 1145 2284 tua
1169 2234 1331 2299 gratia
1357 2233 1495 2282 fandi

297 2333 389 2384 Me
414 2334 581 2394 vivax,
610 2331 883 2380 Cuchullin
912 2331 980 2379 ait
1003 2351 1015 2389 3
1055 2338 1328 2398 cantusque
1353 2347 1570 2391 sonorus,
1618 2332 1721 2380 580

297 2428 447 2478 Talia
472 2445 569 2497 quo
595 2445 793 2489 reseras,
821 2426 1035 2475 decursis
1062 2425 1260 2475 condita
1286 2426 1466 2487 saeclis,

300 2524 544 2586 Advenit,
564 2531 623 2573 ut
651 2522 866 2592 placidus
893 2539 1103 2571 manans
1129 2523 1155 2571 ὲ
1180 2520 1400 2572 nubibus
1426 2521 1603 2582 imber,

918 2663 941 2687 ἥ
959 2661 1059 2698 Nota
1077 2662 1107 2697 k.
