1936 3203
894 282 958 335 17

214 460 456 512 dabamus
475 459 687 521 tumulo,
703 467 762 508 ut
781 459 954 527 pelago
969 457 1250 525 prodibant.
1325 456 1409 508 Ex
1423 459 1629 524 Anglia,

212 567 512 629 Normania,
538 574 587 616 et
612 565 790 632 Belgio
815 565 1047 634 profugos
1073 566 1276 616 civitate
1301 565 1631 626 donavimus3

215 684 363 744 atque
405 675 459 725 hi
497 675 551 725 in
594 691 759 724 unum
803 673 1066 725 nobiscum
1103 676 1347 744 populum
1389 675 1630 726 coierunt.

210 783 320 835 Abs
346 784 576 834 extremis
595 782 859 834 Carnabiis
875 791 1013 834 trans
1034 782 1306 834 Bodotriae
1327 782 1633 852 Glottaeque

212 893 457 943 aestuaria
483 892 545 942 ad
568 910 725 961 usque
751 890 1146 942 Northumbrios
1165 893 1438 961 imperium
1461 900 1634 960 protu-

208 1002 372 1051 limus.
436 1001 578 1061 Quid
592 1002 784 1069 patriae
798 1002 948 1069 possit
964 1019 1119 1064 amor,
1145 1018 1392 1069 sanaeque
1407 999 1634 1050 studium

209 1110 465 1172 libertatiS,
492 1109 853 1159 demonstravit
878 1128 1024 1178 eques
1067 1116 1248 1170 noster,
1273 1107 1633 1175 praestantissi-

211 1237 323 1268 mus
349 1217 551 1277 Vallas3
579 1217 701 1286 quid
725 1234 866 1266 mens
891 1216 1083 1265 invicta
1098 1216 1258 1277 malis,
1274 1232 1359 1264 rex
1379 1212 1630 1265 Brussius.

208 1326 313 1375 Tot
339 1328 472 1375 alma
496 1325 705 1375 tandem
734 1342 914 1390 regum
955 1326 1229 1393 progenies,
1254 1322 1289 1375 J
1294 1322 1474 1374 aoobus
1513 1323 1633 1373 Sex-

206 1444 304 1498 tus,
349 1435 560 1503 suscepit
585 1433 887 1484 Britanniae
929 1434 1098 1497 totius,
1145 1442 1295 1503 atque
1331 1431 1632 1496 Hiberniae,

208 1545 586 1611 insularumque
622 1541 961 1609 adjacentium
981 1542 1280 1607 gestandum
1301 1541 1474 1591 dextra
1498 1559 1633 1608 scep-

207 1661 377 1712 trum3
416 1651 663 1719 hodieque
687 1658 847 1715 gestat
872 1651 1072 1715 sanguis
1101 1650 1417 1713 Caledonius,

354 1826 522 1873 Juraque
543 1825 607 1860 dat
626 1824 785 1873 populis,
807 1826 956 1873 quaqua
973 1824 1026 1859 sol
1046 1836 1182 1860 aureus
1201 1824 1331 1860 orbem

358 1911 541 1960 Respicit.

274 2060 499 2111 Invictas
521 2058 643 2128 quid
658 2066 828 2125 gentes
849 2057 1073 2108 traduxit
1098 2056 1283 2122 Roma,
1304 2060 1536 2110 omnium
1554 2061 1628 2129 ip-

204 2187 256 2219 sa
280 2167 445 2219 bellua
470 2167 850 2230 immanissima,
878 2184 1005 2235 quae
1042 2166 1122 2216 vel
1162 2166 1225 2216 ab
1263 2166 1500 2218 uberibus
1526 2169 1630 2218 fota

206 2277 369 2328 fuerat
393 2277 652 2342 sanguine,
697 2283 921 2325 creverat
946 2275 999 2323 in
1023 2274 1330 2326 immensum
1356 2295 1528 2328 cruore
1552 2297 1628 2328 sa-

205 2384 345 2447 tiata,
373 2392 448 2433 tot
471 2383 781 2452 proculcarat
805 2382 1007 2451 populos
1031 2381 1156 2450 pede
1176 2390 1452 2447 cruentato,
1482 2385 1626 2434 toties

206 2492 259 2542 in
285 2509 335 2539 se
359 2509 546 2561 suaque
574 2491 818 2542 saevierat
856 2489 1083 2540 viscera?
1122 2488 1270 2540 Haeo
1311 2497 1484 2541 tamen
1518 2499 1626 2542 tur-

209 2597 562 2650 bulentissimis
587 2601 733 2651 enixa
757 2608 829 2649 est
866 2598 1174 2668 temporibus
1213 2597 1292 2648 M.
1314 2597 1379 2648 T.
1425 2599 1624 2651 Cicero-

205 2724 340 2770 nem,
368 2707 508 2774 cujus
534 2710 762 2760 animum
787 2727 888 2760 non
908 2707 1172 2777 capiebant
1186 2706 1317 2758 orbis
1333 2709 1591 2774 angustiae
1609 2729 1622 2769 3
