1936 3203
284 262 386 316 174
842 279 1173 324 PHINGALEIS,
1522 277 1621 312 Lm.
1648 277 1697 312 v.

270 454 448 513 *Quem
476 463 601 502 natu
625 452 778 518 genui
802 452 1089 514 minimum,
1116 460 1182 514 te,
1207 449 1401 513 Roena,
1431 451 1681 519 sepultum

278 547 425 599 Lena
448 548 541 598 sub
566 549 659 597 hoc
681 565 793 597 saxo
819 547 1013 609 foveat3
1051 565 1318 616 rursusque
1341 547 1519 596 valeto.
1594 547 1695 599 541

277 642 385 694 Nos
406 661 602 712 quoque
616 643 888 693 decidimus
906 664 916 692 :
946 644 1270 713 quantumvis
1286 643 1524 706 maxima,
1539 641 1699 692 virtuS

277 738 464 789 Nostra
489 747 615 801 ruet,
642 739 883 807 solersque
907 741 1067 789 omnis
1092 739 1360 808 prudentia
1384 756 1574 789 rerum.

346 834 495 883 Talia
516 833 762 884 'fundebas
789 835 1084 901 lacrymans,
1109 853 1193 885 rex
1218 836 1437 885 maxime
1461 835 1589 897 telis,

271 928 512 980 Creditus
540 932 801 980 aeternum
825 925 1022 981 tumulo
1043 931 1202 999 quum
1227 929 1406 980 Roena
1430 931 1622 980 sileret:

274 1025 538 1076 Ossianem
560 1035 776 1095 quantus
801 1027 1041 1076 miserum
1060 1044 1197 1076 nunc
1221 1027 1381 1076 luctus
1400 1025 1691 1088 adumbrat,

277 1121 415 1171 Cum
439 1131 496 1171 tu
520 1123 581 1171 sis
606 1123 713 1171 vita
739 1139 915 1183 cassus,
941 1139 1024 1170 rex
1050 1122 1237 1189 optime
1261 1138 1440 1187 regum
1461 1119 1472 1169 Ε

272 1219 417 1288 Aure
442 1227 552 1267 tuas
577 1236 767 1286 nequeo
793 1217 956 1267 dulces
982 1217 1184 1266 haurire
1209 1217 1442 1285 loquelas,

275 1313 493 1363 Cernere
518 1332 617 1363 non
644 1314 794 1364 oculis
819 1320 989 1380 captus
1015 1314 1120 1362 sine
1146 1330 1346 1380 corpore
1371 1312 1600 1360 formam.

273 1409 480 1459 Assideo
506 1410 785 1478 multosque
810 1409 911 1458 dies
935 1416 1201 1477 noctesque
1225 1406 1495 1475 profundas
1586 1408 1691 1458 350

271 1504 504 1570 Frigidus
532 1513 645 1553 ante
665 1513 815 1555 tuum
834 1505 1051 1573 positum
1077 1503 1169 1554 sub
1190 1504 1307 1552 colle
1332 1502 1650 1571 sepulchrum
1674 1522 1688 1562 3

272 1599 634 1668 Admoveoque
659 1617 888 1661 manum,
916 1600 1046 1648 coelo
1070 1606 1121 1647 te
1146 1597 1376 1647 laudibus
1403 1614 1618 1666 aequans

273 1695 713 1764 Carminibusque,
740 1705 895 1764 pater.
974 1693 1027 1744 Si
1053 1703 1102 1743 te
1123 1693 1404 1761 >dispergere
1428 1710 1570 1742 voces

271 1791 420 1840 Forte
445 1810 554 1840 rear
581 1792 786 1853 circum,
812 1790 1042 1858 Zephyri
1068 1808 1148 1839 me
1173 1788 1383 1838 flamina
1408 1787 1602 1837 fallunt.

264 1886 349 1935 Te
374 1905 512 1954 sopor
540 1889 665 1936 altus
691 1888 843 1936 habet
870 1888 1013 1952 longo
1038 1888 1150 1954 post
1174 1894 1396 1952 tempore
1416 1884 1563 1950 lapso.
1581 1884 1684 1934 555

340 1980 560 2031 Lubaris
587 1981 647 2031 ad
673 1983 835 2049 ripam
862 1981 994 2029 victo
1019 1997 1136 2029 cum
1163 1979 1384 2028 Suarene
1410 1976 1587 2026 Gollus

267 2077 598 2146 Ossianesque
625 2078 719 2127 alia
740 2076 959 2126 custodes
985 2084 1124 2143 parte
1150 2073 1418 2132 sedebant3

266 2175 565 2243 Argutoque
589 2173 710 2223 fides
735 2173 1013 2242 plectebam
1034 2171 1220 2240 pollice,
1248 2170 1289 2219 si
1313 2170 1411 2237 qua

267 2269 362 2320 Fas
388 2270 511 2319 foret
539 2271 668 2320 illius
694 2269 840 2320 duros
865 2268 1017 2317 lenire
1042 2266 1242 2316 dolores,

267 2365 493 2415 Lumina
518 2365 767 2432 defigebat
792 2366 979 2423 humo;
1018 2362 1110 2412 sub
1136 2360 1279 2411 corde
1302 2360 1562 2430 premebat
1578 2359 1683 2411 560

265 2461 556 2511 Infaustum
580 2462 761 2511 tacitus
786 2461 974 2510 bellum
999 2458 1288 2525 clademque
1312 2473 1531 2506 suorum.

337 2557 614 2624 Suspiciens
642 2567 828 2619 autem,
854 2572 1099 2620 maguum
1128 2552 1432 2603 Cuchullina
1456 2551 1560 2602 vidi
1577 2552 1607 2583 ’ΥΕ

806 2698 827 2719 *
849 2695 961 2736 Nota,
984 2695 1037 2732 H.
