1936 3203
187 280 287 314 ΠΒ.
315 280 385 313 vr.
533 279 649 313 SIVE
686 278 942 314 HIBERNIA
977 278 1254 312 LIBERATA.
1520 264 1620 317 187

194 454 318 507 Non
342 458 488 506 illum
512 464 716 515 metuo3
755 473 847 505 nec
871 471 977 503 mos
1003 453 1134 502 mihi
1157 459 1354 501 vertere
1377 461 1595 518 tergum.

192 551 323 602 Inde
348 552 449 602 dies
474 560 655 614 ternoS‚
682 568 837 600 cornu
862 557 1141 611 resonante,
1169 549 1408 598 remansit
1431 570 1444 609 3

195 647 271 697 Et
298 647 503 697 Corlam
529 649 554 696 e
583 648 771 715 campis
800 647 1041 715 clivisque
1064 646 1120 695 in
1145 644 1274 695 bella
1299 645 1527 695 vocabat.

195 743 379 794 Noluit
405 753 457 793 at
484 743 657 793 Corlas
683 743 799 793 belli
823 751 1019 792 tentare
1044 744 1241 812 pericla.
1523 742 1623 794 135

193 840 447 890 Turribus
473 840 665 888 interea
691 839 944 889 descendit
970 837 1190 889 Lochlin
1208 839 1238 870 ’‘¹⁵“
1267 838 1330 888 ab
1357 839 1483 900 altis,

194 935 537 1005 Extruxitque
562 935 727 1003 dapes,
754 935 1005 984 celebrans
1030 953 1163 985 nova
1187 934 1373 1001 gaudia
1397 935 1606 1003 plausu3

194 1029 457 1081 Morvenis
485 1049 541 1080 ac
565 1031 769 1080 domino
795 1031 977 1079 lectam
1002 1030 1139 1080 dedit
1164 1030 1280 1080 inde
1305 1049 1537 1080 sororem.

267 1126 409 1194 Ergo
426 1128 475 1194 †‚
501 1128 662 1177 victor
688 1128 758 1177 ait
774 1126 1010 1192 Phingal,
1037 1145 1167 1190 mea,
1190 1125 1451 1177 Lochlinis
1471 1130 1502 1177 ὃ
1526 1146 1626 1191 rex,

195 1223 441 1274 Fervidus
466 1225 558 1273 iste
583 1233 701 1273 tuus
724 1231 958 1292 peragrat
973 1223 1262 1292 praecordia
1277 1225 1492 1290 sanguis.
1525 1226 1628 1276 140

195 1319 282 1369 De
306 1338 506 1370 summo
532 1320 688 1369 nostri
714 1327 984 1368 moverunt
1010 1319 1138 1369 bella
1163 1328 1391 1388 parentes

193 1414 432 1484 Imperio,
460 1417 753 1484 clarumque
777 1423 955 1465 tenent
978 1434 1066 1484 per
1092 1417 1286 1466 saecula
1311 1435 1497 1466 nomen
1517 1438 1530 1467 :

196 1511 396 1562 Verum
420 1530 564 1580 saepe
590 1512 688 1561 suis
714 1512 835 1560 olim
856 1512 1135 1577 genialibus
1164 1514 1287 1563 aulis

198 1607 391 1658 Mutua
417 1609 659 1658 curarunt
684 1608 948 1667 convivia3
987 1627 1131 1676 saepe
1149 1610 1397 1658 vacarunt

199 1703 505 1754 Muneribus
532 1704 665 1753 festis
691 1711 909 1772 paterae,
934 1703 1219 1773 fidibusque
1240 1706 1446 1754 canoris,
1527 1706 1627 1756 145

200 1799 337 1851 Pelle
363 1801 543 1849 animis
570 1800 736 1849 hastas
759 1820 772 1859 3
818 1800 1130 1850 cithararum
1156 1819 1303 1870 carpe
1328 1802 1576 1851 levamen.

200 1901 394 1952 Pontus
420 1908 479 1950 ut
505 1900 788 1949 horrisonus
814 1899 965 1948 vastis
990 1899 1310 1965 surgentibus
1336 1899 1500 1962 undiS‚

201 1996 500 2065 Prompsisti
524 1996 684 2055 vires3
724 2012 816 2044 ceu
842 1994 1029 2043 clamor
1053 1994 1190 2043 mille
1214 1994 1546 2063 phalangum,

202 2094 536 2160 Pugnantum
561 2092 729 2142 medio
754 2091 988 2141 confusae
1012 2092 1190 2157 stragis
1217 2109 1409 2153 acervo,

203 2190 316 2240 Vox
341 2189 436 2240 tibi
460 2189 730 2258 personuit.
775 2187 914 2237 Cum
929 2188 1095 2255 prima
1113 2186 1361 2236 refulserit
1382 2186 1503 2250 Εοε,
1530 2190 1632 2240 150

204 2284 253 2335 O
281 2285 409 2334 mihi
433 2284 642 2334 dilectae
666 2284 820 2333 frater
845 2299 1086 2349 germane
1110 2282 1319 2350 puellae,

205 2381 428 2432 Carbasa
452 2381 516 2431 da
539 2382 702 2431 ventis
722 2401 735 2431 2
776 2398 915 2430 nunc
937 2380 1068 2429 illius
1095 2379 1227 2428 alma
1251 2387 1501 2442 venustas,

206 2479 289 2529 Sol
313 2478 473 2528 veluti
497 2479 629 2528 coelo
655 2477 867 2540 medius,
894 2476 1023 2525 mihi
1048 2482 1219 2526 mente
1244 2476 1447 2526 relucet.

203 2575 283 2625 Te
307 2583 507 2644 propter
530 2575 735 2624 niveam
759 2573 865 2623 vidi
890 2574 1082 2642 plorare
1106 2590 1356 2633 sororem;
1529 2576 1632 2627 154

373 2717 395 2740 ἕ
426 2715 517 2752 Fors
537 2716 582 2752 ab
600 2715 673 2752 hoc
693 2728 783 2764 rege
803 2715 860 2750 vel
880 2714 959 2763 ipsa
977 2713 1081 2763 regio
1099 2721 1212 2752 nacta
1229 2721 1285 2751 est
1304 2727 1453 2751 nomen.

786 2793 809 2837 †
834 2790 947 2834 Nota,
968 2790 1019 2826 D.
