1936 3203
278 272 344 325 78
821 283 1151 329 PHINGALE18‚
1520 281 1616 315 LIB.
1645 281 1679 314 Ι.

276 456 575 523 Egregium,
603 455 838 505 Phoenae
864 464 1056 505 cretum
1082 455 1143 505 de
1169 456 1425 521 sanguine,
1451 461 1638 517 vatem,

278 550 488 601 Talibus
516 551 780 618 alloquitur
806 550 1106 615 longaevum
1134 549 1329 599 Carrila
1355 550 1510 599 dictis.

351 645 508 707 Quid,
534 642 816 693 venerande
842 661 1002 706 senex⁷
1029 645 1148 693 luxu
1164 645 1292 694 mihi
1308 663 1459 694 coena
1488 650 1692 713 paratur

278 737 523 803 Regifico⁹
551 736 684 785 duris
712 736 829 784 cum
855 743 948 784 stet
972 753 1055 784 rex
1082 754 1218 804 asper
1243 737 1295 785 in
1323 737 1471 787 armis
1588 738 1693 791 470

280 830 456 883 Littus
484 829 545 878 ad
570 828 850 891 Ullineum,
867 828 1175 898 dapibusque
1201 830 1494 880 accumbere
1519 831 1674 880 laetus

279 923 562 989 Pinguibus
588 922 726 972 haud
749 924 912 971 valeat
932 922 955 971 ⁴?
995 922 1137 972 Saltu
1161 941 1282 972 nam
1306 923 1505 989 dissidet
1529 924 1670 973 heros

281 1019 569 1081 Gormaleo,
596 1020 838 1088 longeque
864 1019 960 1068 suis
986 1018 1133 1068 modo
1157 1019 1378 1069 turribus
1405 1020 1528 1068 altis.

279 1113 436 1180 Ergo,
456 1132 562 1180 age,
583 1114 796 1163 nuncius
821 1114 838 1162 i
863 1122 1057 1173 noster;
1083 1113 1371 1182 placideque
1386 1114 1576 1163 locutus
1592 1114 1696 1167 474

282 1208 406 1259 Huc
432 1227 620 1257 accerse
645 1190 815 1257 ratum
840 1207 1118 1258 dominum.
1193 1207 1299 1257 Dic
1322 1209 1486 1258 littore
1511 1208 1653 1258 cedat

281 1303 556 1371 AEquoreo,
578 1319 855 1366 coenaeque
876 1302 906 1330 ἐκ
928 1303 1048 1349 velit
1073 1303 1331 1352 succedere
1355 1304 1532 1367 gentis,

285 1400 434 1458 Quae
459 1396 606 1445 struit
632 1413 689 1444 ex
715 1395 883 1443 animo
909 1395 1138 1443 convivia
1163 1395 1299 1461 larga
1323 1395 1554 1463 benigno.

284 1492 553 1558 Ignavam‚
579 1491 745 1557 sylvae
770 1489 862 1539 sub
890 1491 1047 1538 amico
1072 1491 1309 1556 tegmine,
1335 1500 1534 1541 noctem
1593 1493 1696 1547 478

285 1587 585 1652 Transigat:
616 1603 678 1634 en
702 1583 711 1632 ἔ
743 1583 927 1634 Boreas
953 1583 1115 1650 gelida
1141 1585 1227 1653 qui
1249 1583 1496 1635 Lochline
1521 1586 1699 1654 prodit,

286 1680 487 1732 Littore
511 1679 815 1738 bacchatur3
854 1679 1090 1728 miscetur
1114 1696 1376 1729 murmure
1399 1689 1592 1748 pontus.

286 1775 394 1825 Hic
418 1792 558 1823 curas
584 1774 767 1822 relevet.
792 1772 973 1822 fidibus
998 1782 1247 1843 cantuque
1273 1793 1457 1825 sonoro.

356 1867 479 1917 Mox
507 1865 630 1915 abiit
654 1866 789 1914 molli
817 1864 979 1914 Carril
1003 1885 1227 1916 sermone
1252 1868 1476 1931 disel‘tuS‚

287 1962 378 2024 Et,
405 1961 709 2025 ferrugineas
735 1968 994 2025 cogentem
1019 1961 1071 2009 in
1096 1962 1281 2028 praelia
1303 1981 1515 2030 parmas,

290 2054 497 2106 Affatur
523 2071 708 2120 regem,
736 2054 978 2122 dictisque
1005 2056 1206 2104 accersit
1232 2057 1417 2105 amicis.

291 2150 550 2201 Continuo
576 2156 751 2197 stratas
778 2166 1012 2216 aprorum
1038 2148 1204 2198 desere
1228 2151 1391 2217 pelles,
1599 2154 1701 2204 485

289 2245 520 2296 Maxime
545 2263 644 2306 rex,
672 2244 821 2292 servit
848 2244 929 2292 cui
955 2244 1101 2309 sylvis
1127 2243 1284 2293 obsita
1312 2243 1557 2295 Lochlin:

286 2340 486 2391 Littore
512 2339 628 2389 cede
653 2340 820 2400 mariS‚
848 2339 1117 2407 lucumque
1144 2339 1318 2389 accede
1343 2342 1584 2391 silentem.

290 2435 548 2502 Obstrepit
573 2434 655 2482 hic
681 2431 867 2482 Boreas
887 2453 899 2491 3
939 2433 1175 2482 miscetur
1200 2451 1461 2485 murmure
1484 2445 1678 2505 pontus.

291 2529 543 2579 Caeruleis
568 2528 717 2578 oculis
743 2527 934 2589 ductor,
963 2527 1224 2579 Semonius
1251 2530 1406 2593 heros,

883 2669 906 2692 *
936 2668 1047 2713 Nota,
1068 2683 1095 2706 e.
