1936 3203
214 286 313 321 ΜΒ.
341 287 397 320 11.
570 287 684 320 SIVE
710 285 963 321 HIBERNIA
993 286 1264 319 LIBERATA.
1568 275 1637 325 99

295 464 372 512 At
396 460 573 512 Lenae
598 478 772 528 campo
798 459 1074 529 mediisque
1098 460 1401 527 vagantibus
1427 460 1638 511 Umbris

222 556 475 624 Erigenae
498 565 724 625 pereunt,
750 558 907 606 veluti
930 558 1015 606 nix
1041 559 1137 607 sole
1162 559 1402 627 liquescit,

220 651 441 702 Pallidus
467 659 515 700 et
541 652 724 700 clamat
750 651 996 701 Grumal:
1026 653 1209 720 premit
1236 653 1436 718 agmine
1459 660 1581 715 toto,

222 747 361 797 Pone
375 765 596 817 sequenS,
616 746 834 797 Lochlin
850 749 1043 797 victrix.
1098 750 1221 809 Quo
1243 750 1399 811 statis,
1415 757 1473 797 ut
1493 748 1639 798 undis

218 842 394 893 Lucus
421 843 724 893 arundineus
748 844 907 893 mistis
934 863 989 893 ac
1012 844 1216 894 turbine
1241 846 1418 895 venti?
1536 848 1634 899 271

219 940 339 999 Qua
359 938 507 989 datur
533 940 605 989 ire
629 940 713 989 via
738 957 1001 989 cervorum
1026 940 1247 989 scandite
1273 941 1436 990 clivos.

217 1033 457 1086 Dixerat;
487 1044 553 1097 et,
580 1036 735 1104 qualis
761 1054 933 1085 cervus
959 1036 1226 1085 formidine
1246 1054 1451 1104 pressuS,

215 1129 472 1200 Proripuit
491 1150 590 1181 sese
612 1153 624 1192 3
650 1151 915 1201 passusque
941 1133 1116 1181 hastile
1140 1131 1344 1198 regebat

218 1226 429 1297 Sed,qui
437 1246 551 1278 cum
569 1228 749 1297 pavido
758 1236 1018 1277 verterunt
1027 1227 1275 1277 Grumale
1290 1236 1508 1294 tergum,
1536 1230 1638 1283 575

215 1320 407 1389 Exigui
430 1342 667 1374 numero:
696 1325 979 1373 saevissima
1002 1323 1131 1372 bella
1156 1333 1428 1387 moventes,

214 1416 506 1467 Phalliadae
532 1419 754 1468 fundunt
780 1418 937 1468 calido
969 1436 1087 1468 cum
1112 1420 1356 1485 sanguine
1381 1420 1542 1468 vitam

214 1511 312 1563 Pro
339 1512 515 1563 Lenae
539 1516 753 1582 scopulo,
779 1515 938 1580 surgit
965 1515 1052 1582 qui
1078 1516 1264 1563 vertice
1292 1514 1353 1563 ad
1387 1523 1531 1564 astra.

288 1607 604 1658 Gemmifero
630 1618 800 1658 vectus
826 1627 976 1659 curru
1004 1609 1278 1658 Cuchullin
1306 1619 1473 1678 aperto

215 1702 299 1753 Ire
323 1703 605 1766 videbatur,
631 1706 905 1774 stragisque
931 1705 1093 1754 ciebat
1120 1723 1316 1755 acervos
1450 1714 1453 1716 ’
1533 1710 1638 1758 5280

215 1798 457 1868 Undique
474 1820 487 1859 3
509 1818 869 1869 conversusque
884 1802 1063 1869 inquit.
1104 1800 1229 1873 Dux
1247 1803 1375 1851 alme
1394 1803 1636 1865 virorum,

214 1895 409 1962 Aspera
434 1896 521 1964 qui
544 1904 767 1944 nostram
791 1896 1000 1946 docuisti
1025 1898 1212 1965 praelia
1237 1899 1480 1963 dextram,

212 1989 495 2041 Defiuxisse
519 1991 672 2055 vides,
701 1991 913 2054 Connal,
941 1995 1215 2043 certamine
1242 1996 1438 2045 amicos.

214 2084 320 2136 Nos
348 2087 450 2138 acie
475 2089 696 2137 extrema
721 2106 929 2138 saevum
955 2089 1298 2141 cohibebimus
1324 2092 1533 2155 hostem,

214 2182 439 2233 Vulnera
464 2185 742 2234 miscentes.
819 2184 915 2233 Vir
940 2186 1096 2251 longis
1123 2186 1280 2236 obsite
1306 2190 1488 2251 saeclis,
1530 2191 1631 2241 285

213 2277 260 2341 I,
291 2277 469 2342 Carril,
496 2281 594 2349 qua
619 2280 785 2349 prima
808 2279 904 2329 tibi
930 2280 1133 2330 fortuna
1157 2283 1327 2333 salutis

211 2374 464 2425 lvlonstrat
479 2377 596 2436 iter3
613 2377 872 2426 tumulum
888 2384 1093 2438 nostros,
1112 2396 1217 2443 age,
1234 2378 1370 2428 defer
1387 2380 1449 2430 ad
1464 2382 1631 2431 istum.

209 2469 334 2520 Huc
360 2471 487 2534 ades,
513 2475 543 2522 ὃ
571 2471 798 2532 Connal3
825 2491 1027 2522 mecum
1046 2475 1217 2524 sortire
1242 2475 1477 2540 laborem,

210 2566 265 2616 Si
290 2566 390 2616 fors
415 2567 660 2636 relliquias
684 2568 801 2618 belli
826 2567 1090 2619 defendere
1115 2570 1274 2620 detur.

213 2661 418 2713 Emicat
427 2663 479 2713 in
489 2679 693 2713 currum
704 2684 717 2723 3
735 2664 1067 2733 clypeumque
1077 2665 1269 2732 insigne
1278 2666 1513 2720 decorum
1531 2672 1635 2723 290
