1936 3203
677 274 834 308 No'rAE
858 270 916 306 IN
941 269 1041 307 Lm.
1069 270 1103 302 1.
1470 250 1574 303 207

880 447 920 485 cI.

263 544 410 582 Cessat
424 541 512 595 jam
533 554 702 594 pugna3
724 546 856 591 utque
878 536 1108 582 hiabamus‚
1130 531 1315 572 frustrari
1334 529 1561 584 querimur.

207 625 383 672 Verum,
412 624 446 663 si
476 630 614 662 nostra
636 619 811 675 paulum
832 618 1049 659 differatur
1077 616 1281 669 voluptas,
1316 622 1439 654 aucta
1470 612 1567 652 hinc

207 702 484 742 renovabitur.

887 863 918 887 ὅ.

268 941 470 986 Quamvis
491 954 572 978 non
597 953 729 992 usque
750 938 855 977 adeo
892 936 1094 990 patuisset
1117 933 1334 974 Celtarum
1356 930 1573 985 hospitali-

213 1031 288 1070 tas,
309 1032 355 1060 ut
375 1020 426 1059 ad
445 1019 635 1058 convivia
650 1018 789 1057 hostes
812 1015 1049 1063 accerserit,
1070 1014 1281 1067 sapienter
1299 1021 1439 1051 tamen
1461 1009 1575 1049 canit

211 1101 409 1141 Ossianes
431 1100 617 1138 Suarena
647 1104 839 1136 vocaturn
861 1095 913 1134 ad
935 1092 1198 1134 Cuchullinis
1229 1091 1358 1130 fuisse
1380 1102 1570 1129 coenam.

211 1179 481 1231 Intelligebat
501 1177 613 1217 enim
649 1177 860 1216 nemiuem
883 1173 1123 1214 hominibus
1155 1169 1336 1211 maxime
1358 1181 1574 1209 commen-

213 1258 314 1307 dari,
334 1259 402 1297 cui
425 1271 505 1296 non
529 1271 579 1296 ea
600 1256 886 1295 tribuerentur
914 1252 1142 1300 cumulata,
1164 1265 1272 1304 quae
1293 1248 1421 1303 vulgo
1444 1246 1576 1300 pluri-

212 1337 266 1376 mi
302 1336 526 1376 habentur.
584 1334 631 1373 Id
668 1348 749 1372 non
786 1332 1069 1387 perpenderat
1103 1332 1338 1377 Homerus3
1378 1326 1575 1379 illiusque

215 1415 402 1455 Achilles
424 1429 504 1453 non
527 1414 699 1453 omnino
722 1422 895 1452 amatur.

880 1563 925 1613 f.

277 1660 343 1698 Sic
367 1658 582 1711 respondit
606 1657 906 1711 Hyperboreus
927 1658 1003 1696 iste
1026 1655 1322 1710 Polyphemus,

875 1822 920 1861 g.

271 1901 402 1940 Plena
422 1901 571 1940 robore
595 1901 828 1941 sententia!
889 1902 984 1940 Non
1018 1899 1181 1954 quaerit
1217 1896 1443 1937 Cuchullin
1479 1893 1583 1949 quid

218 1980 434 2019 minitatus
452 1979 579 2020 fuerit
601 1980 830 2029 Barbaru33
861 1980 1060 2034 facilique
1081 1987 1220 2018 movet
1239 1986 1407 2016 cantum
1434 1974 1584 2014 transi-

216 2058 342 2097 tione.
400 2058 524 2110 Apud
544 2057 744 2097 Albineos
764 2059 1058 2111 Hibernosqne
1074 2056 1254 2110 populos
1272 2057 1312 2095 in
1330 2068 1482 2108 magno
1495 2061 1585 2092 erat

218 2136 374 2176 honore
396 2148 567 2176 cantus:
600 2138 757 2190 praelia
777 2139 929 2187 ciebat,
965 2138 1212 2177 honestabat
1245 2136 1408 2183 funera,
1441 2132 1585 2172 convi-

222 2216 295 2255 viis
335 2216 600 2264 miscebatur,
639 2216 785 2256 oculos
823 2218 865 2256 in
907 2217 1074 2256 dulcem
1115 2215 1339 2254 claudebat
1378 2210 1584 2252 somnum.

221 2295 348 2342 Hine,
369 2302 543 2333 vacante
565 2293 720 2342 fabula,
741 2294 803 2333 uti
824 2295 899 2334 sub
924 2303 1090 2334 noctem
1113 2294 1171 2343 fit,
1193 2291 1362 2332 aliunde
1384 2288 1586 2343 quaesita,

220 2373 399 2426 plurima
420 2373 618 2412 decantat
638 2374 850 2413 Ossianes.

278 2610 445 2659 munis,
466 2624 538 2650 seu
561 2610 772 2651 Ultoniae.
