1936 3203
885 285 949 335 31

210 461 499 523 consolatus,
524 461 680 509 laetus
705 477 822 510 cum
847 461 946 510 suis
971 477 1086 513 mox
1129 462 1182 513 in
1210 465 1429 532 patriam
1466 483 1629 518 rever-

207 568 346 618 titur.
421 566 509 618 En
535 567 862 619 faustissimus
887 569 1031 620 finis!

275 779 420 832 Huic
445 791 616 833 autem
640 783 731 832 uni
755 756 1104 853 praeclaroque
1142 786 1385 854 completo
1423 787 1632 841 facinori

202 890 361 958 plura,
409 909 537 960 quae
584 892 972 955 humanitatem,
1012 893 1304 958 amicitiam,
1341 902 1633 966 tenerosque

202 1007 425 1067 spectant
474 1019 678 1064 amores,
726 1002 913 1067 magna
961 1019 1079 1051 cum
1128 1010 1234 1051 arte
1281 1003 1625 1055 innectuntur.

204 1104 325 1157 Non
351 1110 539 1158 etenim
562 1108 760 1159 nudam
784 1110 908 1158 texit
931 1110 1198 1158 veritatem
1223 1107 1488 1169 Ossianes3
1532 1112 1632 1174 sed,

206 1216 377 1266 multis
421 1217 644 1285 undique
693 1217 996 1285 conquisitiS,
1044 1234 1152 1265 rem
1192 1226 1342 1283 auget
1390 1227 1634 1288 ornatque

205 1342 363 1374 suam.
440 1324 584 1374 Hinc
608 1326 799 1393 optima
822 1325 1006 1374 natura
1030 1324 1173 1388 duce,
1204 1343 1325 1394 quas
1348 1326 1410 1376 de
1433 1335 1635 1396 poema-

199 1431 261 1480 tis
288 1432 412 1499 epici
449 1433 658 1481 materie
683 1433 810 1498 leges
836 1431 1007 1481 doctus
1032 1433 1407 1500 praescripserat
1434 1435 1632 1486 Aristo-

201 1539 334 1601 teles,
360 1540 634 1607 exequitur.

273 1750 537 1820 Quidquid
557 1752 619 1800 sit
643 1751 705 1800 de
730 1769 906 1801 eorum
929 1752 1192 1815 sententia,
1220 1754 1307 1821 qui
1347 1753 1442 1802 hac
1486 1771 1631 1823 super

200 1875 253 1906 re
297 1859 623 1921 contendunt,
676 1859 737 1908 ad
776 1859 974 1927 epicum
1019 1858 1394 1909 conficiendum
1436 1868 1630 1929 poema,

200 1968 336 2034 prius
362 1966 642 2016 doctrinam
682 1968 904 2036 aliquam
948 1967 1345 2033 excogitandam,
1386 1971 1485 2038 qua
1528 1989 1636 2020 mo-

200 2093 273 2124 res
315 2075 599 2142 dirigantur
642 2077 927 2139 hominum,
971 2076 1151 2126 deinde
1196 2077 1390 2126 factum
1430 2076 1631 2147 aliquod

199 2201 317 2232 cum
342 2183 439 2232 suis
462 2182 708 2251 adjunctis
726 2202 828 2233 esse
844 2185 1256 2253 perquirendum,
1274 2203 1371 2254 quo
1387 2187 1633 2237 illustrata

201 2291 323 2340 haec
347 2292 639 2354 inculcetur,
666 2310 767 2341 non
792 2293 860 2341 sic
886 2293 988 2359 egit
1012 2292 1244 2342 Ossianes
1269 2302 1448 2343 noster.
1512 2295 1630 2345 Tali

202 2397 301 2446 fors
326 2398 529 2447 tramite
554 2416 702 2461 unus,
732 2399 924 2448 alterve
949 2406 1178 2449 veterum
1218 2405 1481 2466 po'e‘tarum
1520 2418 1629 2451 suos

199 2504 404 2571 pertulit
437 2504 649 2570 gradus3
687 2506 778 2555 tali
815 2506 916 2556 fors
958 2506 1132 2575 aliquis
1177 2506 1202 2554 ὲ
1241 2505 1625 2559 recentioribus:

199 2628 301 2660 non
326 2611 450 2660 item
473 2610 718 2661 Ossianes.
793 2611 994 2681 Raptus
1021 2630 1189 2663 amore
1211 2617 1422 2682 po'e'seos,
1455 2624 1627 2683 raptus

202 2721 256 2770 in
313 2728 543 2786 cognatos
590 2722 790 2789 pietate,
840 2739 1010 2772 rerum
1059 2721 1389 2771 admiratione
1437 2732 1622 2791 raptuS,
