1936 3203
354 259 457 310 212
801 271 960 307 NOTAE
997 271 1054 306 ΙΝ
1093 271 1193 306 LIB.
1232 271 1289 306 11.

357 448 563 498 Connala,
587 447 658 501 qui
678 447 844 501 saepius
865 460 1014 500 pacem
1034 446 1259 497 laudarat3
1291 444 1445 486 deinde
1475 445 1517 484 in
1549 446 1628 484 iras
1661 445 1725 484 ef-

354 528 544 568 funditur
564 527 749 576 nobiles;
780 534 1004 580 certusque
1025 526 1262 581 pugnandi,
1294 539 1389 566 suos
1409 525 1450 565 in
1473 524 1597 565 fortia
1627 524 1724 564 hor-

356 615 479 647 tatur.

1018 757 1065 796 L.

406 848 661 902 Nuperrime
682 847 809 886 ducta
828 845 909 886 fuit
929 846 971 885 in
989 860 1164 887 uxorem
1186 848 1386 901 Dogrena
1404 863 1414 897 ;
1445 847 1628 899 ideoque
1649 859 1722 884 no-

352 942 402 968 va
421 927 659 982 appellatur
679 927 847 980 hospes,

1009 1078 1070 1118 M.

402 1171 497 1210 Jam
518 1170 675 1210 cecinit
706 1168 864 1209 Carril:
899 1176 1112 1222 cantuque
1146 1167 1239 1222 ejus
1275 1169 1398 1218 duce,
1433 1169 1514 1209 en!
1548 1168 1639 1208 acie
1674 1167 1717 1205 in

347 1249 499 1298 media,
519 1249 754 1302 mediisque
782 1248 907 1288 armis
936 1249 1279 1304 confligentibus,
1311 1257 1438 1304 prout
1471 1262 1537 1288 res
1572 1254 1719 1301 postu-

348 1327 476 1379 labat,
495 1342 718 1369 versamur.

1002 1479 1060 1517 N.

401 1570 633 1610 Crochmor
663 1570 813 1623 ingens
843 1577 907 1609 est
940 1583 1177 1622 saxeusque
1211 1583 1329 1609 mons
1363 1570 1415 1609 ad
1453 1570 1597 1609 Conae
1619 1582 1714 1622 sep-

347 1651 525 1691 tentrion
532 1664 610 1690 em.

1000 1801 1055 1843 O.

402 1892 684 1932 Hibernorum
706 1905 771 1930 res
791 1900 855 1930 est
875 1891 1097 1944 desperata
1116 1906 1124 1930 ε
1160 1900 1287 1945 atque
1307 1891 1410 1932 haec
1429 1892 1621 1945 abrupta,
1635 1905 1711 1931 ex-

346 1971 609 2024 ultantiaque
627 1970 773 2009 nuncii
795 1970 919 2009 verba
939 1979 1000 2009 sat
1016 1984 1116 2024 prae
1133 1985 1177 2010 se
1194 1971 1337 2011 ferunt
1354 1972 1497 2023 quanti
1512 1970 1713 2010 habeatur

345 2051 547 2091 momenti
582 2050 784 2090 adventus
819 2049 1050 2103 Phingalis.
1109 2049 1310 2089 Nondum
1349 2049 1572 2089 advenerat
1589 2066 1600 2099 3
1638 2051 1713 2089 ad-

347 2131 488 2171 venire
505 2133 672 2169 tantfim
692 2129 900 2169 nuciatur.
958 2129 1264 2183 Opportuniori
1285 2138 1425 2169 autem
1444 2138 1634 2184 tempore
1668 2130 1710 2169 in

345 2224 515 2250 scenam
535 2209 781 2250 adducetur.

1007 2357 1054 2397 P.

404 2450 514 2489 Cum
534 2448 688 2503 premit
705 2447 887 2498 fortuna,
902 2456 1101 2489 revocant
1114 2449 1154 2488 in
1173 2456 1357 2489 mentem
1370 2449 1445 2489 viri
1464 2449 1583 2504 probi
1602 2451 1712 2504 quod

345 2528 410 2568 vel
448 2527 567 2568 inviti
602 2527 831 2580 deliquere.
890 2528 964 2567 Est
1000 2531 1097 2568 sane
1132 2529 1336 2582 perquam
1375 2529 1567 2582 funebre,
1599 2530 1711 2585 quod

345 2616 484 2646 narrat
503 2606 730 2647 Cuchullin
747 2622 761 2657 3
797 2617 839 2647 at
858 2606 1000 2647 nobile
1020 2608 1193 2661 exponit
1228 2609 1439 2649 amicitiae
1474 2610 1709 2664 amorisque

346 2685 571 2727 luctamen.
632 2687 788 2728 Ferdae
816 2687 1152 2737 miserescimus3
1193 2687 1417 2741 ipsumque
1452 2689 1711 2737 damnamus,
