1936 3203
909 279 978 329 23

241 474 435 507 morem
460 457 630 522 augeri
653 465 834 506 notum
858 465 944 506 est.
1023 456 1318 509 Caledonias
1346 467 1515 509 autem
1535 478 1656 526 gen-

240 574 312 615 tes
336 564 707 633 Hibemasque,
743 573 803 614 ut
835 565 1003 614 missos
1029 565 1213 615 faciam
1236 567 1447 635 reliquos
1475 567 1657 631 Celtas,

239 672 478 735 versibus,
504 680 553 722 et
578 689 783 721 suorum
809 671 1038 721 laudibus
1064 673 1293 721 exarsisse
1320 680 1532 723 testatur
1556 675 1658 724 his-

235 781 398 840 toria3
437 780 658 848 itemque
683 779 771 828 has
810 779 942 828 inter
979 779 1195 829 extitisse
1232 780 1502 832 hominum
1526 782 1657 834 ordi-

235 905 370 951 nem,
387 888 469 937 cui
489 888 653 937 fuerat
668 887 719 937 id
734 887 955 937 muneris
970 886 1287 951 mandatum,
1310 889 1495 958 quique
1520 908 1656 941 sum-

233 1013 317 1045 mo
342 994 624 1045 habebatur
657 995 858 1058 honore,
886 1003 1035 1064 atque
1079 996 1141 1046 ad
1175 1014 1468 1065 supremum
1505 999 1655 1049 dura-

231 1104 307 1153 vit
331 1104 598 1153 saeculum.
674 1102 940 1153 Praeterea
964 1104 1119 1153 nostri
1155 1104 1236 1152 vel
1274 1105 1302 1152 a
1326 1103 1656 1171 Phingalida-

232 1235 349 1267 rum
375 1235 495 1267 aevo
520 1217 901 1266 semotissimam
941 1216 1004 1266 ab
1048 1217 1153 1267 aliis
1178 1216 1410 1283 gentibus
1437 1218 1654 1284 agebant

230 1326 408 1387 vitain,
433 1342 587 1392 parvo
621 1325 841 1373 contenti
864 1343 876 1383 3
915 1323 1051 1373 diem
1093 1332 1282 1375 venatu
1321 1326 1616 1377 exercebant
1638 1349 1653 1388 3

229 1432 428 1495 fidibus,
455 1440 623 1495 cantu,
648 1431 886 1499 jucundis
924 1432 1295 1483 narrationibus
1320 1434 1490 1499 longas
1516 1435 1653 1485 falle-

229 1540 353 1590 bant
377 1548 578 1599 noctes;
616 1557 708 1588 nec
733 1548 855 1601 erat,
881 1557 969 1589 cur
1008 1540 1269 1609 quidpiam
1306 1541 1649 1594 innovaretur.

299 1752 420 1803 Post
464 1769 657 1802 annum
698 1750 905 1800 tandem
957 1753 1112 1812 1748,
1162 1753 1353 1802 mutari
1399 1762 1646 1822 coeptum.

226 1862 343 1913 Hoc
362 1880 543 1930 nempe
569 1879 698 1910 anno
725 1860 969 1910 abolitum
1000 1869 1088 1923 est,
1128 1879 1225 1930 quo
1249 1862 1406 1911 nostri
1428 1880 1650 1930 proceres

225 1973 355 2021 inter
380 1989 489 2020 suos
514 1969 806 2032 utebantur,
825 1969 908 2036 jus
935 1969 1139 2019 carceris
1166 1976 1215 2018 et
1240 1970 1528 2035 sanguini83
1574 1979 1648 2020 at-

224 2098 321 2149 que
341 2079 518 2129 deinde
536 2096 653 2128 cum
668 2078 866 2146 reliquis
885 2077 1184 2127 Britanniae
1203 2079 1394 2146 populis
1410 2079 1462 2128 in
1482 2096 1646 2128 unum

221 2189 509 2239 coaluimus.
585 2186 727 2238 Hinc
753 2186 929 2235 cultior
950 2185 1154 2253 quidem
1178 2187 1265 2236 soli
1290 2187 1467 2247 facies3
1493 2188 1645 2238 innu-

220 2315 386 2348 merae
410 2304 526 2347 sunt
552 2303 750 2364 apertae
774 2295 899 2343 viae.

372 2438 456 2479 Qua
475 2436 576 2486 prins
595 2436 673 2485 ipse
692 2434 812 2483 gradu
829 2434 893 2469 vix
910 2432 1089 2469 nitebaris
1108 2431 1255 2476 anhelo,

467 2512 582 2548 Nunc
599 2510 736 2561 rapidis
756 2509 887 2547 teritur
905 2509 1037 2546 semita
1054 2519 1181 2557 pressa
1199 2506 1301 2543 rotis.

219 2636 462 2705 Undique
485 2635 758 2686 viridantes
803 2639 1070 2699 assurgunt
1112 2632 1312 2698 sylvae;
1360 2648 1517 2681 manu
1557 2652 1638 2681 ca-
