1936 3203
981 269 1045 319 16

307 447 469 513 gisset,
486 446 747 496 barbariae
762 447 1193 516 immanitatisque
1217 448 1346 498 notis
1376 446 1721 513 designabant,

306 572 407 605 non
433 572 636 604 omnem
660 562 918 605 merentur
942 554 1113 618 fidem,
1140 556 1180 605 si
1205 555 1327 626 quid
1351 555 1524 606 durius
1540 556 1593 606 in
1615 572 1724 604 ma-

298 663 429 730 jores
454 671 641 712 nostros
666 663 909 731 scriptum
952 665 1276 734 reliquerunt.
1352 665 1501 725 Quae
1543 663 1724 714 scribe·

305 771 445 832 bant,
474 770 615 819 abiis
640 770 937 833 didicerunt,
981 789 1101 840 quos
1126 773 1303 822 nostris
1329 790 1416 822 nos
1442 773 1591 824 armis
1614 791 1725 841 per-

305 878 661 927 terrefecimus.

371 1090 544 1141 Fortia
568 1090 780 1158 Trojani
804 1100 1060 1157 gesserunt
1075 1090 1380 1142 Romulidae
1397 1114 1411 1152 ;
1439 1093 1585 1142 fortia
1601 1110 1721 1163 quo-

302 1218 398 1268 que
423 1199 690 1266 Phingalei
716 1198 1002 1249 Caledones.
1080 1201 1198 1260 Quo
1229 1199 1432 1249 turbine
1472 1200 1542 1249 fas
1581 1200 1723 1251 nobis

301 1316 624 1377 contorquere
650 1308 813 1356 hastas
840 1305 1106 1357 Romanae
1145 1317 1373 1375 expertae
1393 1317 1508 1358 sunt
1533 1308 1721 1375 Legio—

299 1434 399 1467 nes,
475 1415 762 1482 Aggeribus
788 1432 1051 1464 murorum
1076 1414 1376 1476 ext1²uendi5‚
1403 1423 1451 1463 et
1469 1416 1495 1462 a
1511 1416 1640 1464 mari
1657 1415 1719 1464 ad

298 1541 438 1573 mare
461 1531 598 1572 trans
614 1523 745 1571 hanc
768 1523 984 1571 insulam
1008 1522 1296 1571 diducendis
1313 1522 1495 1571 frustra
1521 1522 1715 1572 labora-

298 1640 417 1682 runt
439 1652 453 1691 3
492 1631 675 1680 frustra
699 1638 983 1679 nostrorum
1007 1629 1261 1678 montium
1300 1629 1465 1678 fauces
1508 1648 1717 1698 occupa-

296 1743 428 1801 vere,
455 1737 805 1806 praesidiisque
825 1737 1134 1786 munierunt.
1209 1735 1477 1799 Irruimus,
1494 1739 1718 1806 perrupi-

297 1865 425 1908 mus,
469 1845 736 1913 dejecimus
780 1844 902 1892 haec
939 1844 1141 1911 omnia3
1180 1843 1446 1909 magnifice
1485 1845 1715 1896 vicimus,

297 1956 403 2015 Qui
428 1972 514 2022 per
539 1951 894 2002 Rieridionales
919 1952 1085 2019 plagas
1111 1952 1163 2001 in
1206 1951 1257 2000 id
1301 1951 1604 2001 devenerant
1638 1953 1715 2002 in·-

296 2064 464 2126 ertiae,
490 2070 550 2111 ut
576 2080 604 2110 a
628 2060 872 2111 Romanis
888 2061 1016 2128 passi
1034 2061 1134 2110 sint
1158 2058 1408 2122 debellari,
1436 2060 1714 2128 assuetique

285 2175 410 2241 jugo
436 2169 826 2238 conquieverint,
871 2167 1045 2217 nostris
1078 2185 1128 2216 se
1170 2166 1348 2215 dedere
1390 2165 1580 2231 gladiis,
1627 2174 1714 2215 aut

292 2279 530 2331 fiuctibus
559 2296 608 2327 se
658 2275 927 2326 amandare
966 2274 1318 2325 devorantibus
1363 2274 1707 2341 compulimus.

293 2385 376 2437 Ex
418 2384 674 2436 Hibernia
711 2401 926 2433 reversos
974 2384 1070 2432 solo
1116 2382 1393 2450 animisque
1435 2382 1710 2448 recepimus

292 2494 482 2543 nostris.
522 2492 650 2543 Inde
677 2490 999 2552 Kenneffius,
1025 2508 1107 2539 rex
1127 2498 1306 2551 noster,
1332 2489 1385 2538 in
1411 2487 1576 2539 Pictos
1601 2506 1710 2538 mo-

291 2603 368 2650 vit
395 2619 550 2664 arma,
577 2600 940 2666 debellatosque
964 2598 1095 2646 inter
1119 2598 1194 2645 sui
1218 2597 1382 2666 posuit
1406 2596 1573 2647 sedem
1610 2598 1706 2647 im-

292 2710 429 2778 perii.
504 2707 767 2758 Hostiliter
794 2709 844 2756 in
870 2725 956 2756 nos
983 2706 1304 2769 incursantes,
1349 2705 1523 2758 Danos
1562 2722 1707 2755 man-
