1936 3203
259 263 362 314 144
792 278 1122 323 PHINGALEIS,
1477 275 1574 308 ΜΒ.
1603 275 1673 309 iv,

263 449 419 517 Regis
447 451 508 500 ad
534 452 820 519 imperium,
846 454 1033 517 magna
1057 460 1133 501 ter
1158 469 1277 500 voce
1301 451 1540 500 vocantis.

262 547 464 614 Quippe
491 547 669 595 alacres
694 547 796 595 una
822 556 1079 597 senserunt
1103 555 1299 616 pectore
1323 554 1504 608 motUS‚
1582 545 1681 595 155

266 642 404 691 Cum
429 642 566 691 ducis
593 643 766 691 excelsi
789 643 997 712 telisque
1022 644 1228 709 insignis
1255 643 1411 691 acutis

266 736 522 805 Excepere
547 755 701 786 sonos.
777 736 933 787 Illum
958 756 1079 787 nam
1104 739 1157 787 in
1180 737 1310 787 bella
1335 744 1593 804 sequentes

268 830 537 881 Devenere
562 831 771 881 domum
799 831 935 880 fama
961 832 1220 899 spoliisque
1246 830 1458 899 superbi.

338 926 669 993 Phingalidae
695 928 823 989 lecti,
849 926 1025 977 mediis
1051 944 1170 995 quos
1196 926 1364 975 Selma
1387 925 1606 993 procellis

269 1020 467 1084 Edidit,
495 1022 555 1071 ad
581 1040 772 1090 pugnas
798 1031 847 1071 et
873 1022 1051 1071 funera
1075 1021 1210 1069 mille
1235 1021 1461 1069 virorum
1591 1019 1693 1069 160

269 1114 368 1178 Ite,
394 1117 589 1185 inquit3
628 1119 924 1186 tumuloque
949 1117 1136 1178 sedens,
1163 1134 1252 1181 ego
1277 1116 1463 1183 praelia
1486 1114 1603 1163 belli

271 1218 596 1285 Despiciam3
633 1215 892 1281 telumque
916 1231 1090 1262 meum
1114 1230 1199 1261 vos
1224 1230 1352 1279 pone
1376 1218 1624 1279 sequetur,

275 1313 331 1363 Si
357 1311 477 1381 quid
502 1317 666 1358 vestra
691 1309 818 1356 salus
843 1316 1026 1375 poscat,
1051 1308 1130 1355 vel
1157 1324 1294 1356 casus
1320 1307 1535 1374 iniquus.

275 1412 368 1471 At,
395 1414 542 1476 prout
567 1407 668 1473 ipse
692 1421 816 1466 reor,
842 1404 1040 1452 nullum
1066 1410 1332 1470 quaeretur
1357 1402 1409 1449 in
1435 1418 1602 1461 usum,

277 1504 427 1554 Dum
452 1508 546 1550 stet
571 1497 878 1558 Morniwles,
904 1497 1206 1563 loricamque
1233 1503 1369 1562 aptet
1396 1495 1611 1543 ahenam

277 1598 420 1649 Forti
442 1596 649 1646 bellator
675 1593 863 1654 dextra,
890 1591 1167 1659 ductorque
1192 1591 1520 1657 phalangum,
1599 1587 1701 1640 166

280 1694 473 1743 Omnia
498 1688 804 1740 carminibus
829 1696 1009 1736 vatum
1034 1703 1120 1754 per
1146 1685 1302 1734 saecla
1327 1682 1593 1732 canendus.

281 1788 402 1849 Vos,
429 1787 548 1835 almi
572 1801 810 1852 proceres,
837 1781 1062 1831 defuncti
1088 1798 1286 1848 corpore
1311 1778 1522 1840 dudum,

285 1884 491 1950 Quique
516 1882 646 1928 inter
670 1878 876 1928 nebulas
903 1876 1101 1944 liquidis
1127 1876 1358 1943 equitatis
1384 1875 1436 1922 in
1464 1874 1610 1934 auris,

285 1977 561 2029 Examines
588 1975 874 2042 quicunque
900 1979 1049 2020 ruent
1075 1971 1363 2031 certamine,
1390 1977 1575 2017 nostros
1604 1969 1706 2021 170

286 2073 520 2140 Excipite
544 2071 734 2131 heroas⁷
760 2069 1038 2135 celsamque
1065 2064 1296 2115 adducite
1324 2063 1612 2122 Cromlam3

283 2167 415 2219 Inde
439 2185 525 2235 per
552 2182 814 2233 aequoreos
838 2163 999 2231 patrio
1023 2180 1125 2223 vos,
1150 2160 1376 2220 flamina⁷
1401 2158 1584 2208 fluctus

291 2264 599 2314 Convectate
624 2261 735 2310 solo.
811 2257 1047 2308 Mentem
1071 2274 1157 2324 per
1183 2255 1374 2304 somnia
1398 2254 1507 2316 visi,

290 2359 587 2420 Obsideant‚
612 2375 712 2419 oro,
738 2355 875 2405 molli
901 2355 1061 2423 quum
1086 2369 1205 2420 pace
1231 2351 1494 2418 quiescam.

290 2456 339 2517 I,
365 2455 600 2513 Follane;
638 2469 762 2520 puer
788 2450 935 2499 fuscis
961 2451 978 2497 i
1004 2448 1238 2508 crinibus,
1265 2445 1453 2504 Oscar3
1605 2444 1703 2497 175

291 2548 490 2599 Nobilis
516 2549 533 2596 i
549 2546 767 2614 juvenis,
792 2544 994 2593 loricam
1020 2541 1194 2591 indute
1219 2542 1482 2605 rigentem,

291 2644 485 2696 Roena„
562 2641 774 2692 Novum
799 2639 937 2690 vobis
963 2639 1135 2704 gliscat
1160 2636 1251 2687 sub
1276 2645 1469 2704 pectore
1496 2634 1659 2683 robur.
