1936 3203
846 299 911 349 55

185 476 403 544 quadam
435 478 767 526 immanitate.
844 476 1070 527 Divinus
1096 478 1176 527 ille
1215 478 1426 542 Hector,
1476 483 1605 549 opti-

182 601 294 633 mus
320 585 454 647 civis,
493 584 705 634 thalami
731 603 924 634 consors
965 587 1352 649 amantissimus,
1391 589 1603 638 tenellus

182 693 392 760 genitor,
432 691 661 743 Patroclo
710 694 916 743 insultat
946 694 1152 762 jacenti,
1202 695 1605 765 vulturibusque,

181 800 545 864 dilaniandum,
602 801 849 852 traditum
898 803 959 851 iri
1021 803 1302 852 saevissime
1362 804 1601 853 minatur.

181 910 321 970 Quid
347 910 407 960 de
433 910 536 978 ers
561 911 784 979 principe
812 911 960 961 heroe
985 911 1166 975 dicam,
1212 907 1452 962 Achille?
1496 913 1606 963 Im-

179 1019 335 1086 piger,
373 1019 659 1082 iracundus,
709 1020 1021 1070 inexorabilis
1061 1021 1371 1071 describitur.
1449 1024 1602 1072 Atta-

177 1145 294 1176 men
351 1129 390 1177 is
430 1127 640 1194 fingitur
695 1129 876 1178 amicos
915 1129 1100 1178 habere
1142 1129 1297 1192 Deos,
1348 1130 1606 1198 victorque

177 1254 386 1286 murum
410 1238 601 1305 patriae
626 1236 807 1298 deruit,
834 1235 1073 1285 Hectora.
1115 1235 1416 1285 ‚Defensores
1460 1237 1606 1286 aiunt

176 1343 394 1393 Homeri
424 1344 487 1394 ab
526 1345 644 1412 ipso,
684 1345 868 1393 sciente
907 1363 963 1393 ac
1000 1345 1213 1407 volente,
1263 1346 1418 1393 talem
1457 1345 1605 1395 fuisse

174 1452 479 1520 descriptum
505 1453 773 1502 Achillem.
851 1451 968 1501 Hoc
983 1452 1196 1518 denegat
1212 1470 1392 1512 nemo}
1423 1461 1472 1502 at
1489 1472 1603 1502 con-

174 1569 253 1609 tra
279 1561 367 1622 fas,
394 1569 567 1610 contra
592 1578 766 1609 sanam
792 1561 1039 1608 rationem
1061 1561 1169 1628 quis
1195 1560 1424 1625 ignorat?
1488 1560 1601 1610 Nec

176 1670 270 1718 hoc
295 1669 402 1736 quis
430 1669 574 1736 aequi
603 1667 821 1736 bonique
847 1667 1046 1730 faceret,
1072 1668 1166 1716 nisi
1182 1667 1294 1734 jam
1321 1669 1441 1718 anili
1464 1677 1603 1718 tene-

176 1785 313 1827 retur
352 1776 569 1826 Homeri
594 1776 971 1844 superstitione3
1007 1793 1213 1844 arasque
1238 1776 1342 1844 ejus
1367 1778 1604 1826 manifes-

174 1888 236 1936 tis
262 1893 494 1935 sacrasset
520 1883 780 1933 erroribus.

277 2049 471 2087 Scribendi
491 2048 595 2084 recte
614 2060 744 2096 sapere
763 2054 819 2083 est
839 2053 875 2082 et
895 2046 1116 2095 principium
1137 2054 1175 2082 et
1194 2046 1282 2082 fors.

1250 2122 1363 2159 Hon.
1385 2123 1431 2158 Α.
1453 2123 1500 2159 Ρ.

243 2275 363 2328 Non
422 2273 501 2322 uti
540 2270 745 2339 Grajus‚
800 2269 1051 2319 aberravit
1089 2276 1226 2317 vates
1268 2268 1599 2330 Caledonius3

173 2403 264 2435 nec
279 2386 350 2434 ita
370 2381 611 2433 sideribus
637 2379 879 2445 effulgens
901 2379 1094 2428 coelum
1121 2379 1148 2425 a
1173 2376 1481 2426 tenebricoso
1500 2387 1600 2427 ter-

172 2511 256 2543 rae
271 2492 513 2560 discrepat
540 2497 756 2559 aspectu,
783 2496 931 2556 prout
956 2486 1189 2536 Ossianes
1214 2485 1268 2534 in
1283 2485 1502 2552 pulchris
1528 2486 1600 2535 ef-

171 2600 418 2667 fingendis
438 2598 660 2650 moribus
679 2597 742 2647 ab
762 2595 1006 2647 Homero.
1084 2594 1275 2645 Exulat
1305 2591 1349 2642 F
1351 2594 1599 2660 ingaleide

174 2710 418 2769 avaritia3
467 2708 632 2758 exulat
672 2705 956 2757 convicium
974 2723 988 2764 3
1047 2701 1207 2752 omnis
1245 2699 1478 2750 indecora
1515 2720 1598 2750 ex-
