1936 3203
989 280 1058 331 42

371 453 501 505 Inde
528 455 716 505 accedit
741 455 843 524 ejus
869 457 1060 527 eloquio
1085 458 1303 527 plurima
1328 460 1409 509 lux
1433 480 1446 519 3
1481 462 1582 529 quo
1607 476 1729 528 pau-

300 563 513 613 cioribus
539 565 676 614 enim
699 565 869 614 nitidis
901 575 1176 635 exponatur
1220 567 1407 637 aliquid
1445 566 1625 630 verbis,
1669 568 1728 616 eo

299 673 491 723 facilius
519 693 547 723 a
571 673 712 724 nobis
740 674 988 742 arripitur.
1064 673 1311 751 Lucidius
1338 694 1533 746 quoque
1573 676 1731 745 loqui-

297 789 383 830 tur
408 781 657 845 Ossianes,
683 783 762 831 vel
788 783 907 851 quia
930 801 1031 833 non
1057 802 1130 847 ea,
1157 802 1285 854 quae
1314 785 1540 853 pluribus
1578 784 1725 834 rebus

299 889 589 939 communia
613 898 746 952 sunt,
785 890 1060 958 exequitur.
1136 889 1284 940 Haec
1322 892 1528 961 quidem
1570 891 1730 941 medi-

297 1006 473 1047 tantur
497 998 808 1066 philosophi3
847 1016 947 1048 non
978 1008 1156 1049 curant
1194 1002 1571 1069 praestantiores
1614 1006 1730 1069 poel-

296 1115 392 1155 tae.
469 1104 712 1176 Namque
746 1115 817 1156 est
853 1107 1007 1175 poe'sis
1046 1107 1294 1176 quaedam
1335 1109 1562 1176 pictura3
1602 1125 1730 1176 quae

295 1216 443 1283 porro
477 1223 594 1264 sunt
631 1215 856 1283 pluribus
895 1216 1040 1266 rebus
1079 1217 1384 1279 communia,
1413 1216 1618 1285 propriis
1642 1233 1729 1264 ne—

296 1332 489 1391 queunt
514 1323 718 1392 depingi
744 1324 1002 1387 coloribus,
1030 1326 1270 1393 quoniam
1294 1325 1478 1375 talibus
1521 1323 1729 1373 omnino

295 1428 653 1481 destituuntur.
730 1429 796 1481 In
845 1432 902 1480 iis
952 1432 1138 1501 itaque,
1190 1449 1317 1500 quae
1355 1431 1551 1497 singula
1593 1437 1726 1491 sunt,

293 1540 490 1609 suisque
515 1541 842 1590 circumstant
867 1541 1100 1590 distincta
1125 1540 1292 1606 signis,
1333 1540 1564 1591 Ossianes
1604 1547 1729 1612 pene

295 1667 488 1718 semper
512 1657 755 1699 versatur.
833 1649 886 1698 Si
911 1666 1052 1698 mons
1078 1647 1332 1710 dicendus,
1372 1657 1599 1700 montem
1623 1669 1729 1702 me-

297 1765 461 1807 morat
513 1755 805 1816 Cromlam3
846 1756 885 1805 si
933 1756 1136 1818 fluvius,
1187 1754 1432 1816 Lubara3
1483 1759 1521 1806 si
1571 1760 1728 1824 sylva,

297 1866 492 1932 sylvam
519 1863 861 1913 Gormaleam.

371 2077 691 2147 Simplicibus
715 2078 878 2127 utitur
903 2077 1134 2128 Ossianes
1160 2077 1339 2141 verbis⁷
1368 2080 1590 2147 aptisque
1624 2081 1726 2147 epi-

296 2187 478 2247 thetis3
516 2187 668 2254 tropis
697 2204 752 2235 ac
779 2187 882 2235 aliis
908 2184 1209 2252 longioribus
1237 2186 1460 2236 abundat
1493 2188 1725 2237 similitu—

297 2295 512 2346 dinibus.
579 2295 675 2357 Sic,
703 2296 790 2364 qui
813 2303 975 2344 terrae
1000 2294 1350 2345 describendae
1365 2296 1488 2346 dant
1503 2315 1723 2365 operam,

297 2423 398 2456 non
424 2407 476 2455 in
502 2404 755 2455 vocabulis
779 2405 873 2453 toti
897 2413 1041 2454 sunt:
1084 2404 1357 2455 conficiunt
1382 2406 1536 2455 etiam
1573 2404 1724 2455 tabu-

299 2514 384 2576 las,
411 2515 548 2583 queis
576 2522 691 2563 ante
715 2513 876 2562 oculos
901 2513 1120 2581 positum
1163 2513 1561 2583 unumquodque
1585 2512 1724 2562 vide-

298 2640 410 2671 mus
435 2640 666 2687 regnum,
692 2621 901 2690 majores
926 2629 1134 2684 montes,
1156 2622 1333 2684 maria,
1349 2622 1548 2684 insulas,
1575 2622 1723 2681 lacus,

299 2731 530 2792 flumina,
557 2732 676 2781 vias,
753 2728 895 2782 Hinc
919 2730 1118 2780 summa
1144 2747 1261 2780 cum
1302 2731 1458 2780 animi
1497 2730 1724 2796 volupta-
