1936 3203
957 254 1024 304 50

277 430 538 499 variosque
563 429 751 479 indutis
778 431 973 492 colores,
1003 448 1056 478 ac
1074 430 1199 479 mire
1227 431 1522 499 compositis,
1538 434 1698 484 vitam

275 539 464 607 spirans
489 539 673 604 imago,
711 545 859 605 atque
883 538 937 586 in
965 555 1149 587 aevum
1181 537 1441 602 duratura,
1468 539 1699 590 conficia-

272 655 370 697 tur.
448 647 502 697 Si
528 647 637 715 quis
676 646 729 694 in
763 644 1070 711 syllabarum
1094 645 1397 697 brevitatem
1424 648 1697 714 longitudi-

270 773 454 805 nemve
468 773 570 804 non
595 761 780 823 peccet,
805 771 1105 823 versumque
1130 756 1255 804 senis
1281 756 1544 806 concludat
1558 756 1696 825 pedi-

270 864 378 926 buS,
394 864 630 932 purisque
654 862 834 925 verbis,
855 861 993 911 haud
1018 863 1240 912 multum
1265 872 1496 931 praestat.
1571 865 1694 916 Cul-

267 990 388 1041 pam
437 973 610 1034 evitat,
650 990 752 1022 non
792 980 1015 1021 meretur
1053 971 1269 1021 laudem.
1347 974 1558 1032 Quoties
1597 975 1691 1024 rite

266 1081 522 1131 diducitur
542 1099 727 1143 versus,
749 1079 965 1129 efficitur
981 1079 1252 1129 verborum
1272 1099 1435 1144 sonus,
1453 1083 1556 1150 qui,
1574 1100 1691 1132 cum

266 1190 503 1257 gravibus
545 1198 829 1257 temperans
875 1196 1058 1246 acutOS,
1105 1196 1405 1237 concentum
1443 1189 1690 1254 imitatur,

262 1308 509 1367 creatque.
583 1296 802 1347 Interest
827 1313 925 1364 quo
951 1296 1153 1364 quaevis
1179 1314 1253 1345 res
1273 1296 1446 1346 ordine
1471 1297 1685 1347 locetur:

266 1408 328 1457 ad
353 1407 493 1469 sedis,
522 1424 649 1476 quae
675 1412 854 1473 quarta
880 1412 967 1466 est,
993 1405 1212 1472 primam
1239 1404 1481 1470 syllabam
1509 1406 1688 1455 attolli-

260 1525 344 1565 tur
368 1533 480 1576 vox,
521 1514 779 1581 magisque
805 1512 933 1561 ferit.
1010 1511 1091 1562 Eo
1117 1513 1272 1578 igitur
1297 1520 1369 1560 est
1412 1512 1504 1561 loci
1543 1512 1687 1581 quid-

261 1624 383 1695 quid
403 1625 456 1673 in
481 1623 649 1672 versus
676 1621 887 1671 decursu
910 1621 1064 1669 talem
1090 1639 1177 1688 pro
1203 1621 1291 1669 sua
1312 1619 1558 1685 dignitate
1577 1638 1686 1688 pos-

258 1736 385 1784 tulet
411 1732 798 1782 contentionem.
873 1726 1184 1796 Ubicunque
1208 1728 1333 1777 item
1365 1744 1459 1775 vox
1496 1727 1684 1788 haeret,

259 1843 310 1893 id
335 1843 434 1891 illic
458 1841 678 1908 ponitur,
696 1836 828 1905 quod
848 1853 1045 1885 moram
1067 1834 1552 1901 admirationemque
1568 1850 1684 1881 con-

257 1952 394 2002 ficiat
419 1949 509 1999 sui.
585 1945 740 1996 Hanc
765 1960 1032 2011 nunquam
1056 1942 1210 1991 violat
1235 1941 1395 2006 legem
1420 1939 1678 2005 Virgilius.

327 2163 442 2215 Nec
466 2164 580 2213 satis
607 2168 678 2210 est
703 2158 932 2229 quemvis
958 2159 1157 2205 seorsim
1179 2156 1339 2204 nitere
1363 2172 1581 2216 versum,
1607 2156 1677 2216 ni,

255 2277 381 2325 sicut
407 2269 727 2341 sequentibus
769 2266 1138 2336 aliquantulum
1178 2263 1410 2324 concinit,
1450 2261 1518 2310 sic
1557 2279 1677 2329 quo-

254 2402 351 2453 que
378 2381 440 2431 ab
457 2381 548 2430 illis
574 2378 814 2445 discrepet
830 2374 893 2424 ob
920 2374 1046 2432 alia;
1073 2389 1170 2440 quo
1186 2371 1244 2420 fit
1269 2379 1326 2420 ut
1342 2370 1472 2418 mira
1488 2368 1675 2436 jucun-

253 2492 415 2559 daque
440 2504 676 2539 sonorum
715 2490 976 2534 enascatur
1019 2479 1246 2529 varietas
1341 2476 1675 2545 Componitur

252 2600 371 2648 hinc
396 2613 581 2657 versuS,
609 2593 695 2662 qui
722 2591 782 2640 ad
808 2590 964 2640 finem
990 2604 1147 2655 usque
1173 2585 1486 2642 enuncietur,
1513 2583 1674 2632 nulla-

251 2726 347 2777 que
364 2706 504 2756 mora
521 2702 822 2772 impediatur
841 2720 849 2749 z
876 2698 997 2748 alius
1018 2697 1070 2747 in
1098 2694 1238 2744 varia
1259 2692 1482 2743 caeditur
1500 2691 1672 2750 frusta,
