1936 3203
950 259 1017 308 34

283 437 514 488 dometur
538 438 886 506 temperantia.
961 436 1196 487 Turbine
1229 445 1522 507 contorquet
1546 438 1709 489 hastas

285 544 499 609 Connal,
523 547 602 595 vir
619 546 776 595 animi
800 545 1032 614 prudens,
1056 545 1390 615 placidusque.
1465 545 1708 616 Praeceps

282 656 336 705 in
360 654 489 705 bella
512 656 615 704 ruit
643 654 880 713 Calmar3
910 655 1066 720 gloria
1091 655 1298 704 militari
1322 655 1542 704 maxime
1568 655 1708 705 duci-

280 770 366 813 tur
393 763 665 813 Cuchullin
683 784 696 823 3
735 764 773 811 is
809 770 982 812 tamen
1009 762 1155 813 rebus
1180 764 1235 813 in
1285 763 1499 813 adversis
1542 764 1702 814 nimia

278 873 525 938 premitur
552 871 881 937 aegritudine.
955 871 1282 938 Pugnaturus
1311 872 1537 922 amabilis
1564 872 1708 923 effer-

279 986 365 1027 vet
412 977 571 1028 Oscar
593 1000 607 1039 3
657 979 885 1029 decidens
928 988 987 1029 ut
1034 981 1230 1045 ingenti
1277 998 1422 1048 rupes
1472 981 1704 1049 pondere,

279 1084 490 1135 blandus
529 1088 765 1136 imminet
789 1087 1023 1137 Ossianes
1062 1087 1317 1147 hostibus3
1362 1088 1595 1139 terribilis
1635 1097 1706 1138 est

279 1194 383 1243 acie
409 1193 616 1255 Gollus3
658 1204 708 1245 at
733 1196 910 1246 ductor
947 1205 1018 1246 est
1070 1197 1444 1265 aliquantulum
1485 1197 1704 1246 invidus,

278 1304 570 1354 Occurrunt
596 1303 928 1370 Phingaleide
942 1306 1106 1372 plures
1126 1306 1281 1354 etiam
1301 1304 1566 1369 Heroides,
1589 1307 1707 1356 cum

279 1414 438 1463 animi
462 1413 772 1475 fortitudine,
812 1414 928 1462 turn
953 1413 1108 1462 etiam
1147 1415 1357 1482 corporis
1396 1414 1558 1463 forma
1595 1433 1703 1464 mo-

278 1538 495 1590 rumque
520 1521 812 1588 conspicuae
838 1500 1160 1586 integritate:
1203 1530 1319 1571 sunt
1351 1530 1399 1571 et
1433 1524 1706 1573 venerandi

279 1638 441 1679 aetate
482 1648 537 1678 ac
576 1629 885 1679 carminibus
929 1629 1106 1692 Bardi,
1156 1648 1243 1680 seu
1291 1638 1462 1690 vates3
1500 1630 1707 1680 verendi

276 1737 474 1800 NIzznes,
495 1738 729 1787 nocturni
745 1736 1009 1800 Lemures,
1029 1739 1191 1787 aeriae
1211 1737 1431 1801 Larvae,
1450 1741 1704 1790 montium

276 1845 456 1896 blacidi
483 1863 538 1893 ac
564 1846 731 1893 canori
758 1844 931 1906 Genii,
972 1846 1079 1893 luce
1107 1844 1329 1913 adoperti
1354 1846 1553 1895 decoris.
1632 1846 1700 1897 In

276 1954 370 2003 hoc
393 1960 536 2002 tanto
557 1970 787 2001 concessu
811 1951 1031 2018 Phingal
1057 1953 1124 2001 sol
1150 1961 1236 2001 est.

348 2167 402 2216 Si
425 2166 570 2215 valde
597 2183 707 2216 suas
732 2165 1045 2214 discriminat
1070 2163 1326 2215 Homerus
1351 2184 1597 2234 personaS‚
1624 2177 1695 2216 est

272 2283 445 2325 tamen
469 2274 561 2324 ubi
585 2274 806 2340 graviter
829 2274 1044 2342 pecatis,
1079 2273 1278 2342 quando
1304 2274 1485 2323 scilicet
1511 2275 1567 2323 iis
1588 2293 1694 2324 mo-

272 2402 346 2434 res
397 2383 608 2449 affingit.
684 2381 806 2432 Non
846 2383 1007 2432 solum
1046 2383 1182 2431 enim
1220 2381 1413 2451 Diique
1450 2381 1693 2451 Deaeque

274 2496 377 2562 ejus
402 2494 606 2544 ridicule
633 2495 763 2543 inter
803 2510 851 2541 se
876 2492 1119 2554 rixantur,
1157 2488 1474 2560 aniterque‚
1514 2490 1692 2542 Deum

272 2613 428 2674 pater,
457 2612 605 2673 atque
642 2601 910 2653 hominum
947 2619 1046 2664 rex,
1087 2599 1394 2650 ineluctabili
1431 2600 1690 2669 subjicitur

274 2717 390 2776 fam,
437 2712 566 2780 quod
593 2712 719 2762 nihil
746 2719 831 2773 est,
870 2710 953 2761 sed
979 2718 1027 2760 et
1051 2710 1220 2760 heroes
1246 2728 1416 2760 omnes
1448 2716 1687 2761 notantur
