1936 3203
556 631 725 668 LIBRI
770 631 949 669 PRIMI
996 633 1422 672 ARGUMENTUM.

303 972 439 1023 Regius
457 972 653 1010 Hiberniae
661 975 877 1024 prafffectuS,
908 974 1108 1019 Guchullin,
1138 976 1295 1013 Semonis
1309 976 1430 1026 filius,
1458 978 1509 1014 ad
1538 978 1574 1015 T
1571 991 1672 1015 uram

351 1048 483 1093 sedens,
487 1049 542 1097 fit
558 1048 686 1085 certior
702 1048 878 1099 appulisse
899 1050 1073 1093 Suarena,
1103 1049 1300 1095 Lochlinis‚
1327 1063 1388 1088 seu
1418 1051 1594 1088 Scandiae
1620 1065 1674 1089 re-

346 1136 427 1173 gem
438 1139 454 1166 ‚·
482 1136 629 1174 suosque
657 1129 834 1161 convocat·
851 1123 1043 1160 bellatores.
1094 1123 1289 1160 Procerum
1319 1125 1463 1162 consilio
1493 1125 1676 1175 quaeritur

350 1197 437 1247 quid
454 1198 629 1248 agendum
646 1199 693 1235 sit
705 1214 721 1242 ;
749 1199 979 1248 admonetque
1001 1198 1142 1235 Connal
1166 1199 1393 1236 recedendum
1413 1199 1541 1250 paulo,
1568 1200 1676 1237 donec

349 1278 558 1322 expectatus,
575 1274 820 1323 suppetiasque
834 1279 1000 1310 venturus
1017 1274 1159 1323 ‹ffterit
1185 1273 1358 1324 Plzingal‚
1387 1273 1585 1318 stlorvenis,
1605 1275 1676 1311 Ca-

348 1346 550 1384 ledoniaeve
567 1361 640 1384 rex.
680 1348 742 1392 At,
762 1348 889 1398 absque
905 1348 1020 1391 morli,
1038 1348 1273 1398 pugnandum
1303 1348 1479 1385 contendit
1501 1348 1646 1385 Calmar
1657 1363 1673 1391 ;

348 1428 454 1472 atque
469 1422 554 1459 haec
576 1422 912 1473 Cuclzullinipotior
926 1423 1096 1460 sententia
1114 1423 1262 1459 videtur.
1320 1423 1408 1459 Tres
1424 1422 1494 1467 ille,
1507 1436 1676 1473 pugnan-

347 1496 389 1533 di
402 1503 527 1541 certus,
546 1497 721 1534 desiderat
737 1498 908 1542 ductores,
927 1498 1069 1541 Femm,
1081 1497 1321 1541 Duchomera,
1340 1502 1373 1532 et
1396 1497 1552 1533 Cabada.
1606 1497 1677 1533 Ac-

346 1571 458 1607 currit
476 1571 615 1608 interim
638 1573 759 1616 Feras,
779 1577 811 1608 et
811 1573 935 1620 sunus
951 1576 1078 1607 narrat
1096 1570 1261 1614 Cabadis,
1276 1570 1525 1614 Duclzomeris,
1540 1570 1676 1620 virgin-

347 1645 445 1694 isque
464 1646 636 1682 Muruae.
687 1646 911 1682 Praemissus
930 1645 953 1683 ἀ
973 1645 1132 1681 Suarene
1147 1644 1346 1694 explorator
1368 1643 1461 1680 videt
1488 1645 1679 1681 adventare

350 1719 591 1755 Hibernorum
610 1719 728 1769 copias
738 1736 754 1763 ,·
784 1732 1008 1770 reversusque
1029 1718 1248 1756 Cuclmllz'nis
1272 1731 1426 1762 currum,
1444 1718 1603 1769 jugales,
1623 1719 1676 1768 ip-

344 1805 489 1842 sumque
515 1793 601 1829 adeo
631 1794 792 1830 describit
820 1794 939 1830 heroa.
995 1794 1234 1830 Committz'tur
1258 1807 1338 1830 mox
1360 1793 1550 1843 proelium,
1582 1794 1678 1842 quod

349 1872 447 1902 nocte
479 1867 661 1903 dirimitur
673 1883 687 1910 ;
728 1868 928 1918 incertaque
961 1874 1057 1904 errat
1091 1868 1207 1904 adhuc
1240 1867 1403 1904 victoria.
1474 1867 1675 1904 Accersitur

351 1941 490 1976 Suaren
509 1941 558 1977 ad
577 1941 821 1977 Hiber-norum
839 1956 993 1986 coenam,
1012 1946 1072 1979 cui
1088 1942 1204 1978 renuit
1235 1942 1265 1977 is
1290 1942 1479 1978 succedere.
1530 1943 1675 1978 Decan-

346 2019 400 2049 tat
417 2013 498 2050 inde
521 2014 642 2051 Carril
664 2015 836 2051 Crimoris
852 2022 885 2052 et
902 2016 1129 2066 Brasollydis
1159 2028 1312 2052 amorem
1339 2015 1548 2065 lethumque.
1601 2015 1674 2051 Ab·

347 2088 454 2125 sentis
474 2089 604 2133 uxoris,
625 2089 819 2140 Bragellae
844 2089 965 2127 laudes
994 2091 1124 2128 delibat
1157 2090 1357 2128 Cuclcullin.
1409 2091 1594 2127 Locantur
1623 2103 1681 2126 ex-

347 2163 468 2200 cubiae
478 2180 493 2207 ;
521 2163 584 2201 sub
601 2164 661 2201 dio
677 2165 802 2201 sternit
818 2178 854 2201 se
870 2178 989 2202 somno
1007 2166 1175 2202 exercitus
1186 2181 1201 2208 ;
1231 2165 1318 2202 bello
1336 2177 1513 2202 caesorum
1530 2164 1680 2201 circum-

347 2237 495 2275 volitant
512 2238 702 2277 simulacra
714 2255 729 2283 ;
759 2239 936 2290 miraeque
953 2253 1049 2278 voces
1066 2240 1273 2278 audiuntur.
