1936 3203
298 267 400 317 188
830 276 1159 322 PHINGALEIS,
1524 276 1621 309 LIB.
1650 277 1718 309 vr.

299 458 537 525 Cumque.
562 471 702 504 meus
729 454 916 503 fureret
941 453 1151 520 gladius,
1178 452 1273 503 tibi
1288 469 1489 521 parcere
1512 461 1674 514 norat,

293 552 546 614 Quamvis
570 551 797 615 ingentes
824 549 991 598 animo
1017 551 1238 599 exarsere
1264 549 1465 598 dolores.

294 650 348 700 Si
373 656 562 698 certare
577 645 742 713 juvet,
769 638 972 693 dabitur
997 646 1311 694 committere
1335 662 1545 713 pugnas,

293 747 435 806 Quas
451 742 615 812 posuit
632 739 868 803 Lochlin‚
887 741 1023 809 queis
1044 740 1299 791 Trenmor
1319 741 1479 790 victor
1497 740 1682 789 abivit:

291 842 423 894 Inde
447 841 660 890 domum
685 839 829 907 parta
854 837 1033 886 referes
1059 838 1271 903 vestigia.
1296 839 1449 900 fama,

291 937 476 988 Monte
500 936 640 985 velut
668 934 790 984 Solis
817 932 987 982 condit
1011 950 1060 981 se
1085 933 1278 983 lucidus
1305 934 1449 983 orbis.
1620 931 1722 982 160

362 1034 486 1086 Non
512 1051 618 1099 ego⁷
643 1040 757 1080 tum
777 1029 988 1090 Suaren,
1014 1037 1201 1092 tecum,
1228 1048 1312 1079 rex
1333 1031 1518 1096 inclyte
1538 1028 1699 1094 gentis

290 1131 607 1192 Morveniae,
633 1128 716 1178 cui
740 1145 833 1176 nec
856 1126 1030 1175 multis
1054 1127 1107 1175 in
1133 1126 1353 1176 millibus
1378 1144 1509 1176 unus

289 1229 392 1280 Par
420 1236 508 1290 est,
535 1225 750 1276 certabo.
828 1222 995 1273 Patris
1019 1230 1069 1272 te
1095 1224 1270 1272 limine
1295 1222 1401 1272 vidi
1424 1243 1437 1282 3

289 1324 403 1376 Nec
427 1323 557 1373 mihi
580 1330 704 1371 tunc
730 1328 862 1369 aetas
887 1319 1071 1368 multos
1099 1319 1374 1369 adduxerat
1402 1336 1586 1379 annos;
1622 1318 1723 1370 164

289 1418 672 1486 Versabamque
699 1416 884 1477 animo,
911 1415 1139 1477 memini,
1167 1433 1265 1484 quo
1291 1423 1515 1483 tempore
1529 1432 1721 1483 possem

289 1514 554 1581 Phingalis
580 1514 633 1562 in
659 1529 855 1561 morem
878 1511 1034 1561 validi
1059 1530 1354 1579 consurgere
1379 1513 1432 1561 in
1458 1529 1628 1561 ensem

293 1611 564 1663 Sublatum
587 1630 600 1670 3
627 1607 964 1676 manibusque
979 1625 1160 1658 manus
1178 1607 1271 1658 sub
1292 1606 1547 1658 Malmore
1562 1625 1721 1678 quon-

434 1707 555 1757 dam

291 1804 615 1866 Miscuimus,
642 1803 923 1872 postquam,
944 1819 1176 1871 spumosa
1195 1820 1283 1871 per
1305 1820 1519 1871 aequora
1534 1809 1722 1862 vectus,

292 1901 511 1952 Successi
539 1900 735 1949 Selmae
760 1898 971 1967 dapibus
997 1899 1279 1967 paterisque
1304 1898 1495 1947 refertis
1621 1897 1723 1950 169

289 1997 486 2066 Hospes
512 1994 890 2064 Hyperboreus.
958 1993 1192 2042 Ventura
1216 1993 1270 2042 in
1296 1994 1492 2042 saecula
1516 1993 1723 2042 mittent

291 2095 399 2155 Qui
424 2094 578 2143 fuerit
602 2092 762 2141 victor
788 2090 1001 2140 deducto
1027 2089 1250 2138 carmine
1274 2097 1428 2138 vates.

290 2189 409 2241 Hoc
433 2188 622 2238 etenim
649 2187 787 2236 fama
812 2186 983 2235 multis
1009 2193 1321 2234 memoratur
1346 2186 1399 2234 in
1425 2186 1521 2234 oris

294 2287 585 2338 Certamen.
662 2283 837 2333 Plures
863 2282 1055 2331 delatae
1084 2279 1333 2331 Lochline
1357 2299 1509 2330 naves

293 2383 535 2435 Abducta
561 2381 788 2450 squalent
812 2378 980 2441 turba,
1007 2396 1193 2447 perque
1221 2396 1435 2447 aequora
1456 2377 1633 2428 Lenae

292 2480 538 2532 Demessa
564 2476 755 2543 gladio:
784 2475 894 2537 tibi,
910 2473 1148 2540 Phingal,
1175 2492 1387 2525 munera
1412 2484 1590 2535 sunto3
1622 2477 1685 2529 17
1692 2477 1717 2526 5

293 2577 682 2643 Aeternumque
708 2573 822 2622 fave
846 2589 1032 2636 magno
1057 2571 1186 2620 mihi
1212 2571 1408 2621 foedere
1424 2572 1648 2640 junctus

296 2672 577 2724 Communi
600 2670 741 2721 nobis
769 2666 990 2720 Lochlin
1017 2667 1110 2717 sub
1137 2668 1242 2732 lege
1266 2677 1540 2736 prematur.
