1936 3203
894 288 960 337 45

198 465 524 516 tribuendum
574 478 758 532 aequus
807 462 1048 512 fatebitur
1097 480 1269 512 rerum
1317 463 1608 514 aestimator·

193 572 613 643 iniquitatemque
636 572 887 640 temporis,
932 580 981 620 et
1021 571 1341 621 recitantium
1377 572 1630 622 accusabit.

191 682 454 743 incuriam,
480 681 519 730 si
544 682 596 730 in
613 679 943 746 Phingaleide
958 679 1151 729 detorta
1171 679 1435 748 quaedam,
1452 698 1624 730 suum-

189 805 286 855 que
310 796 448 838 extra
473 789 654 849 locum,
682 787 885 837 fortasse
908 788 1189 838 videantur.

254 1000 372 1051 Hoc
396 1002 486 1051 ubi
509 1019 712 1050 mecum
738 1003 1044 1063 evolvissem,
1070 1010 1362 1070 pergratum
1383 1001 1616 1051 omnibus

184 1107 373 1177 ubique
388 1107 638 1174 gentibus,
655 1109 707 1157 in
724 1106 1033 1157 Latinarum
1041 1107 1614 1157 conimuneincumben«

181 1214 316 1265 tibus
333 1216 614 1264 litterarum
630 1213 870 1276 studium,
887 1231 969 1263 me
984 1216 1160 1282 putavi
1176 1215 1448 1277 facturum,
1465 1217 1611 1284 siqua

179 1324 292 1392 ipsis
314 1342 371 1372 ea
395 1323 693 1391 impertirer,
709 1322 913 1372 vocibus
928 1340 1239 1391 numeroque
1254 1322 1611 1393 Virgffliexpoe

177 1431 286 1492 sita,
305 1448 432 1499 quae
447 1448 555 1480 suos
571 1430 701 1479 inter
728 1428 933 1479 Gaelice
949 1439 1114 1479 noster
1131 1431 1342 1481 canebat
1358 1432 1604 1483 Ossianes„

175 1537 406 1589 Homero
443 1539 568 1588 duce
614 1539 982 1607 antiquissimas
1026 1538 1289 1589 invisimus
1325 1540 1605 1608 Grajorum

175 1646 352 1705 urbes;
392 1646 674 1714 horumque
698 1645 838 1695 nobis
864 1646 1134 1713 opiniones,
1173 1648 1315 1710 ritus,
1342 1666 1603 1718 moresque

174 1752 334 1801 varios
377 1752 514 1802 domi
550 1754 876 1822 militiaeque,
918 1753 980 1802 ab
1020 1755 1122 1822 ipso
1159 1755 1371 1804 describi
1413 1757 1602 1821 gaude-fi

173 1871 298 1903 mus.
344 1853 446 1903 Res
471 1853 640 1917 Italas,
667 1855 874 1904 docente
895 1854 1123 1921 Virgilio,
1146 1856 1599 1927 Romanorumque

172 1962 482 2012 admiramur
505 1963 800 2031 triumphos.
876 1961 974 2012 Est
1002 1972 1173 2013 autem
1201 1964 1480 2028 Celtarum,
1509 1985 1598 2017 ana

168 2071 377 2140 tiquitus
416 2071 513 2121 late
550 2071 925 2121 dominantium
950 2074 1264 2140 populorum,
1305 2073 1596 2139 Phingaleis

167 2188 558 2229 monumentum
595 2180 804 2246 insigne,
844 2180 976 2249 quod
1014 2182 1192 2243 omnis,
1233 2182 1320 2250 qui
1363 2190 1590 2231 mentem

167 2287 462 2350 humanam,
488 2288 693 2338 diversis
718 2307 768 2338 se
810 2289 967 2357 plagis
1009 2306 1064 2337 ac
1101 2289 1410 2356 temporibus
1436 2290 1587 2357 expli-

166 2402 381 2457 cantem,
410 2395 690 2446 avidissime
715 2397 931 2446 rimatur
956 2395 1291 2463 philosophUS,
1318 2396 1547 2463 inspiciat
1569 2417 1584 2455 3

165 2509 230 2563 et,
257 2503 542 2573 quicunque
566 2511 761 2573 poe'seos
794 2513 865 2554 est
891 2504 1167 2566 studiosior,
1194 2504 1418 2553 volutare
1444 2505 1579 2553 velit⁸¹

162 2609 510 2669 Quamobrem
534 2612 586 2660 in
625 2612 676 2661 id
701 2629 783 2661 me
808 2613 995 2661 contuli
1019 2620 1201 2672 totum,
1240 2619 1314 2673 ut,
1350 2611 1578 2661 nondum

159 2735 247 2784 pro
285 2717 531 2784 dignitate
578 2728 651 2768 sat
699 2719 909 2769 fideliter
958 2720 1215 2788 nitideque
1265 2722 1578 2787 evulgatum,

853 2829 884 2863 r
