1936 3203
925 277 956 328 7

231 465 520 525 menterque
547 453 761 517 obstant,
781 469 846 502 ne
863 452 1078 519 Anglico
1097 450 1372 518 interpreti,
1396 457 1640 519 tanquam

232 562 486 624 conditori,
511 561 764 612 tribuatur
789 559 921 630 quod
943 560 1211 625 vulgatum
1231 564 1303 606 est
1317 555 1538 607 Ossianis
1552 574 1640 608 no-

232 671 367 720 mine
390 686 524 736 opus.

300 881 618 945 Reclamant,
650 897 777 951 quae
800 880 996 949 proprio
1035 879 1258 930 extulisse
1294 892 1428 945 penu
1453 883 1643 926 constat

229 987 264 1038 J
269 988 480 1039 acobum
503 987 960 1057 Macphersonum3
997 1005 1211 1057 quorum
1234 1002 1398 1035 unum
1423 983 1643 1033 funesta-

228 1097 304 1146 vit
320 1095 501 1146 Mortis
517 1098 735 1159 nomine,
754 1098 966 1145 alterum
986 1094 1194 1162 speciose
1211 1091 1544 1142 Monticolam
1560 1107 1644 1156 ap-

229 1205 446 1271 pellavit.
521 1205 595 1254 At
621 1223 678 1253 ea
702 1212 809 1253 tam
825 1203 938 1252 rudi
963 1201 1236 1268 conscripta
1251 1206 1367 1249 sunt
1387 1196 1644 1258 Minerva,

229 1320 288 1360 ut
312 1313 566 1380 plerosque
590 1312 794 1371 lateant,
822 1317 970 1377 atque
987 1308 1050 1358 ab
1069 1306 1301 1356 omnibus
1318 1323 1509 1373 prorsus
1530 1321 1646 1353 con-

227 1426 536 1468 temnantur.
611 1415 724 1466 Nec
764 1416 905 1464 aliter
944 1412 1279 1475 sentiendum,
1328 1412 1649 1478 sentiuntque

229 1534 471 1595 quotquot
500 1525 715 1593 sapiunt,
737 1521 798 1571 de
822 1522 1039 1571 hominis
1065 1519 1321 1588 deperdita
1348 1520 1401 1568 in
1422 1517 1647 1568 Homero
1713 1576 1716 1577 ⁷

229 1631 477 1681 reddendo
493 1631 707 1695 Anglice
724 1630 885 1697 opera.
926 1629 1073 1687 Quae
1088 1628 1208 1674 vero
1225 1627 1250 1673 ἐ
1268 1625 1473 1674 Gaelico
1488 1632 1650 1673 trans-

230 1739 429 1800 tulerat,
455 1755 639 1802 magno
665 1737 718 1785 in
739 1736 924 1784 honore
948 1733 1114 1783 ubivis
1130 1733 1360 1797 gentium
1380 1732 1646 1780 habentur.

308 1946 576 1999 Reclamat
622 1946 894 1996 Gaelicum
940 1943 1206 2011 exemplar,
1253 1943 1451 2010 propria
1506 1940 1653 1992 Mac·-

230 2056 459 2124 phersoni
479 2063 737 2104 exaratum
752 2070 925 2114 manu,
952 2051 1083 2121 quod
1106 2049 1294 2119 ubique
1314 2051 1412 2100 leni
1431 2050 1546 2100 fluit
1567 2067 1652 2115 ag-

230 2164 382 2225 mine,
408 2163 501 2212 sibi
516 2163 702 2231 optime
728 2161 955 2217 cohaeret
975 2160 1214 2227 nitetque.
1272 2159 1490 2223 Anglica
1504 2159 1649 2225 porro

231 2271 572 2339 interpretatio
597 2288 698 2320 non
722 2270 880 2319 solum
923 2266 1113 2321 laborat
1149 2266 1457 2334 plerumque,
1499 2264 1650 2313 anhe-

233 2378 399 2447 latque
422 2378 679 2446 impedita,
703 2377 860 2427 veluti
889 2376 929 2425 si
969 2375 1075 2443 quis
1122 2372 1385 2422 adversum
1424 2387 1652 2429 conscenf-

234 2482 321 2532 dat
368 2484 570 2547 clivum,
613 2484 698 2535 sed
740 2493 789 2534 et
825 2484 1042 2553 plurima
1066 2499 1183 2550 prae
1207 2499 1256 2530 se
1281 2480 1376 2529 fert
1414 2479 1467 2527 in
1513 2485 1650 2527 ante-

235 2599 417 2660 typum
440 2593 723 2652 nullatenus
748 2590 1112 2652 convenientia,
1138 2590 1294 2638 immo
1319 2586 1535 2637 maxime
1555 2585 1651 2636 dis-

231 2699 410 2765 juncta
434 2706 483 2748 et
520 2701 779 2749 contraria.
856 2696 996 2748 Hinc
1022 2696 1298 2761 Anglicum
1313 2695 1649 2760 interpretem,
