1936 3203
639 287 796 321 NoTAE
823 285 879 319 IN
905 285 1004 318 Lm.
1032 284 1103 317 vr.
1481 274 1584 323 225

202 476 285 516 que
307 460 577 514 recuperandi
598 474 720 514 quam
744 461 938 499 amiserat
957 458 1130 498 famam.
1190 457 1283 497 Hae
1314 468 1449 500 autem
1485 476 1576 502 ora—

202 541 314 580 tione
334 540 410 579 ista
431 539 568 579 omnia
588 540 764 579 suaviter
782 538 1029 591 fortiterque
1050 547 1299 578 amoventur.

872 685 918 723 E.

264 779 325 819 Ab
346 779 492 818 alienis
513 776 763 831 appetendis
784 776 883 815 adef>
906 789 947 814 se
967 775 1166 815 abstinuit
1187 776 1382 832 Phingal,
1404 789 1463 831 ut,
1476 796 1582 836 quae

207 867 298 911 post
317 865 480 909 partam
501 856 716 895 victoriam
741 855 818 894 sibi
833 853 934 907 jure
957 854 1166 894 vindicare
1199 857 1410 908 potuisset,
1444 859 1584 900 oblata

204 946 355 977 renuat
371 936 572 988 accipere·
613 936 711 975 Non
731 935 808 975 hac
827 943 912 975 erat
930 933 1069 974 indole
1088 934 1289 975 Achilles.
1343 937 1450 978 Cum
1473 942 1586 982 enim

208 1015 455 1056 reddidisset
476 1013 642 1053 Priamo
662 1029 813 1068 corpus
837 1015 1044 1064 Hectoris,
1079 1029 1209 1069 seque
1231 1031 1254 1055 a
1275 1017 1452 1058 Patrocli
1486 1021 1586 1061 ideo

208 1096 401 1136 excusari
424 1104 669 1148 precaretur
693 1094 868 1144 Umbra,
900 1109 998 1144 non,
1020 1103 1066 1134 ut
1088 1095 1237 1148 potuit,
1270 1096 1311 1135 id
1346 1097 1486 1138 tribuit
1508 1099 1585 1140 hu-

210 1175 413 1218 manitati,
435 1188 518 1213 non
538 1174 650 1214 Jovis
673 1175 865 1228 imperio,
885 1174 1078 1213 matrisve
1093 1173 1300 1225 Thetidis,
1318 1177 1385 1216 sed
1404 1180 1590 1233 acceptis

214 1256 470 1308 minimeque
487 1254 732 1306 spernendis
746 1253 1000 1294 muneribus.
1061 1254 1122 1292 En
1139 1267 1261 1307 quam
1281 1256 1421 1310 pingit
1437 1257 1590 1299 hones..

213 1344 341 1374 tatem
366 1335 574 1373 Homerus
594 1336 603 1373 1
661 1335 820 1373 Verum
844 1333 893 1372 ad
912 1333 1167 1386 Euripedem
1183 1334 1412 1376 veniamus.
1469 1338 1590 1394 Argi.

215 1428 357 1453 vorum
380 1427 468 1461 rex,
492 1412 693 1454 Adrastus
713 1413 1006 1452 Atheniensem
1028 1411 1116 1451 adit
1136 1426 1296 1466 regem,
1317 1414 1495 1466 Thesea,
1525 1419 1593 1459 fu-

214 1503 353 1533 turum
374 1507 545 1545 sperans
565 1501 623 1541 ut,
654 1507 704 1532 eo
725 1501 914 1540 auctore,
935 1491 1133 1530 Thebani
1164 1492 1376 1532 extinctos
1398 1494 1506 1535 bello
1527 1513 1593 1538 se-

220 1571 350 1625 pelire
368 1571 517 1610 sinant.
576 1572 776 1624 Asper-ior
790 1571 893 1609 fitin
908 1569 1146 1623 supplicem
1165 1570 1370 1623 hospitem
1389 1574 1593 1626 Theseus,

216 1651 415 1704 illiusque
450 1649 588 1703 rejicit
622 1650 892 1704 aequissimas
926 1664 1085 1704 preces.
1145 1651 1216 1698 At,
1253 1653 1394 1692 matris
1429 1656 1594 1697 tandem

222 1740 357 1770 motus
391 1730 562 1769 consilio
586 1740 628 1769 et
649 1730 905 1784 eloquentia,
926 1728 1142 1770 Thebanis
1163 1730 1287 1770 infert
1317 1732 1490 1784 bellum,
1511 1738 1597 1776 vic-

223 1817 374 1863 torque
394 1810 438 1848 in
456 1809 676 1849 Adrastum
698 1810 900 1849 conviciis
932 1810 1067 1849 adhuc
1100 1810 1393 1852 debacchatur.
1451 1815 1597 1868 Appa-

222 1899 284 1928 ret
304 1890 484 1936 interim,
508 1889 568 1927 uti
592 1888 728 1941 placet
765 1892 930 1941 poetae,
963 1889 1184 1938 Minerva3
1216 1890 1450 1945 suadetque
1470 1895 1601 1935 Athe-

225 1969 360 2008 niensi
381 1969 610 2020 praemium
634 1968 727 2021 o'pis
748 1967 984 2022 laborisque
1004 1968 1224 2022 postulare.
1283 1971 1400 2010 Talis
1420 1982 1483 2012 est
1495 1974 1601 2014 alte-

223 2048 306 2088 rius
329 2048 524 2087 Graeculi
549 2048 691 2096 virtus‚
728 2048 956 2102 decusque.
1016 2049 1258 2088 Morvenius
1289 2060 1429 2089 autem
1470 2052 1601 2092 Phin-

226 2125 310 2180 gal,
346 2125 417 2164 ubi
453 2126 605 2165 certior
641 2126 687 2164 fit
720 2126 947 2178 periclitari
971 2126 1239 2175 Cuchullffla,
1273 2130 1479 2168 succurrit
1509 2130 1602 2185 ipsi,

227 2205 376 2245 liberat
401 2204 661 2253 Hiberniam,
681 2203 839 2243 socium
862 2204 1017 2244 solatur
1039 2204 1209 2255 victum,
1240 2216 1283 2246 et
1303 2210 1467 2262 magnis
1483 2211 1604 2252 effert

225 2284 452 2332 laudibus3
484 2284 674 2338 adeoque
707 2294 946 2336 temperans
975 2294 1039 2323 est
1073 2294 1120 2322 ut
1155 2298 1237 2324 non
1271 2287 1406 2326 solum
1438 2289 1604 2344 abipso

226 2361 331 2401 nihil
365 2371 582 2414 expectet,
616 2362 755 2401 verum
780 2361 905 2400 etiam
926 2375 1036 2414 quae
1058 2361 1216 2401 fractus
1238 2363 1465 2419 volensque
1487 2382 1604 2408 com-

229 2440 365 2479 munis
385 2439 582 2478 obtulerit
603 2440 730 2479 hostis
751 2453 938 2488 munera,
964 2448 1140 2478 recuset.

900 2588 941 2626 F.

278 2679 506 2733 Magnifice
523 2677 689 2718 tandem
705 2677 753 2717 de
770 2679 955 2718 Suarene
971 2678 1199 2731 triumphat
1215 2680 1413 2735 Phingal.
1437 2689 1461 2707 “
1480 2687 1610 2727 Nulla
