1936 3203
874 296 937 345 15

194 477 418 519 ruerunt.
468 468 799 519 Adversarius
826 479 997 521 autem
1021 490 1179 536 meus,
1204 473 1439 523 latissime
1458 492 1612 541 vaga-

192 583 289 637 tus,
334 574 650 640 digladiatur.
726 578 822 627 Ait
846 580 983 629 enim
1006 601 1015 629 ε
1044 599 1171 651 quae
1196 581 1491 632 deferuntur
1515 583 1612 633 Os-

192 683 317 732 siani
341 684 580 746 carmina,
623 684 808 735 miram
832 687 1112 756 depingunt
1152 707 1354 739 morum
1394 693 1614 741 amoeni-

191 796 364 852 tatem,
392 808 551 859 quum
576 801 769 843 constat
793 813 850 844 ex
875 793 1122 846 Romanis
1166 798 1514 866 Scriptoribus,
1555 808 1613 849 ut

193 897 471 948 Ammiano
514 898 826 965 Marcellino,
866 903 1047 972 ipsum,
1087 905 1334 974 siquidem
1374 907 1608 969 extiterit,

192 1005 339 1054 fuisse
377 1024 495 1056 cum
543 1008 776 1058 omnibus
825 1011 923 1060 suis
961 1012 1281 1061 immanitate
1318 1012 1607 1063 barbarum.

192 1113 298 1172 Qui
322 1115 487 1182 potuit
506 1133 621 1182 ergo
637 1117 760 1166 haec
775 1118 984 1168 condere
999 1119 1261 1169 carmina?
1288 1118 1425 1169 Proh
1449 1121 1613 1170 homi-

190 1238 317 1270 num
341 1221 522 1271 fidem!
551 1223 763 1274 ubinam
783 1227 1014 1291 gentium
1033 1243 1203 1275 sumus
1224 1225 1247 1274 P
1273 1227 1422 1286 Quae
1451 1246 1610 1296 quan-

190 1336 342 1396 taque
366 1347 566 1379 morum
590 1331 842 1380 barbaries
867 1332 1056 1400 ubique
1081 1332 1256 1398 viget?
1300 1335 1454 1401 quam
1479 1337 1610 1385 mul-

191 1443 244 1483 ta
267 1443 617 1502 perpetrantur
651 1438 1014 1488 immanissima
1051 1457 1138 1507 per
1176 1457 1346 1489 omncs
1383 1442 1611 1492 cultiores

194 1542 429 1612 Europae
454 1554 624 1607 terras,
670 1564 797 1614 quae
837 1546 1056 1596 Divinas
1086 1547 1276 1597 Christi
1313 1550 1610 1616 profitentur

193 1653 570 1703 institutiones?
610 1653 799 1703 Priscos
825 1655 1002 1704 omitto
1029 1654 1263 1718 Graecos,
1291 1657 1610 1728 ipsorumque

193 1760 519 1809 clarissimum
543 1767 759 1828 poetam,
800 1760 1089 1810 Homerum
1112 1782 1126 1820 ;
1165 1762 1341 1812 festino
1367 1762 1607 1828 Romam,

191 1869 329 1937 cujus
372 1869 520 1936 copiis
568 1868 786 1917 maxime
830 1867 942 1917 fidit
983 1867 1248 1935 Laingius.
1330 1870 1607 1938 Eleganter

192 1977 252 2026 de
277 1975 522 2026 Romanis
548 1975 673 2025 dixit
698 1973 1044 2027 Buchananus
1067 1986 1244 2027 noster.

393 2155 512 2189 Roma
530 2153 638 2189 armis
655 2160 801 2195 terram,
822 2153 1036 2203 ratibusque
1055 2156 1253 2204 subegerat
1273 2157 1401 2200 undas,

397 2240 525 2288 Atque
546 2240 655 2275 iidem
675 2239 765 2275 fines
786 2240 886 2275 urbis
906 2248 944 2276 et
964 2240 1061 2275 orbis
1081 2249 1196 2276 erant.

193 2396 335 2446 Hine
371 2397 679 2466 superbierat
727 2396 895 2447 Roma
913 2418 927 2457 ;
966 2398 1193 2467 illiusque
1231 2401 1501 2467 scriptores,
1550 2412 1609 2453 ut

193 2504 516 2568 Ammianus,
545 2505 725 2573 aliique
741 2505 818 2554 sui
842 2505 1040 2568 simileS‚
1056 2507 1143 2574 qui
1168 2525 1434 2577 nunquam
1461 2510 1606 2562 Cale-

193 2611 371 2661 doniae
404 2629 509 2660 oras
540 2613 841 2682 populosque
866 2613 1112 2676 viderant,
1139 2616 1338 2684 quique,
1363 2634 1609 2686 quascun—

193 2738 288 2789 que
314 2727 483 2786 gentes
506 2718 743 2772 Romana
768 2722 1060 2773 dominandi
1076 2724 1254 2792 cupido
1268 2726 1495 2780 nondum
1511 2729 1608 2779 fre-
