1936 3203
356 256 462 308 204
840 270 997 305 NoTAE
1020 270 1074 304 ΙΝ
1103 270 1205 305 Lm.
1232 272 1266 304 1.

354 446 505 501 priscis
532 446 694 486 ducunt
716 445 1018 496 Caledonibus,
1052 445 1219 496 eadem,
1251 445 1342 501 qu&
1363 445 1556 496 Hiberni,
1577 445 1728 502 lingufi.

354 532 542 565 utuntur.

1021 670 1074 710 Ο.

406 765 605 806 Phallidis
625 762 798 804 nomine
818 771 919 803 nota
937 762 1018 802 fuit
1038 762 1139 802 olim
1161 762 1382 813 Hibernia,
1400 762 1466 804 vel
1492 763 1723 804 Hiberniae

349 859 459 900 pars,

1008 991 1056 1029 P.

408 1085 640 1125 Hiberniae
660 1098 812 1124 nomen
835 1083 1017 1137 patrium
1040 1082 1139 1122 Erin
1163 1090 1256 1131 θεῖς
1289 1081 1385 1121 hinc
1403 1081 1631 1135 Erigonae,

403 1325 520 1378 Lego
541 1323 670 1377 plaga
690 1332 753 1362 est
774 1322 1003 1362 Conactae.
1063 1324 1152 1362 Arx
1174 1323 1316 1371 etiam,
1336 1337 1408 1361 seu
1432 1322 1554 1362 sedes
1582 1323 1716 1362 Bran-

342 1403 479 1452 nonis,
501 1402 623 1455 cujus
643 1401 790 1451 filiam,
813 1401 1066 1455 Evirallyna,
1089 1401 1210 1440 duxit
1237 1402 1278 1440 in
1304 1415 1475 1440 uxorem
1501 1400 1717 1450 Ossianes‚

345 1484 465 1537 Lego
486 1481 718 1521 dicebatur.

1007 1629 1061 1668 R.

394 1721 521 1761 Albin
543 1721 764 1775 antiquum
794 1729 858 1760 est
889 1720 1157 1773 patriumque
1195 1720 1362 1759 Scotiae
1396 1732 1580 1758 nomen:
1612 1719 1711 1758 hinc

338 1802 508 1842 Albion.

1024 1947 1065 1985 S.

393 2040 526 2087 Cona,
547 2037 696 2077 fluvius
719 2037 887 2076 Scotiae
910 2046 971 2076 sat
993 2052 1184 2091 magnus,
1218 2051 1242 2076 e
1265 2046 1408 2076 monte
1432 2037 1568 2089 Nigro
1594 2035 1706 2076 desi«

334 2121 441 2160 liens
473 2118 515 2157 in
553 2117 689 2156 sinum
711 2116 845 2166 Etive,
866 2117 941 2156 sub
965 2116 1158 2157 faucibus
1196 2115 1246 2155 ad
1271 2115 1532 2154 Atlanticum
1566 2115 1706 2155 Ocea·

332 2214 434 2239 num
455 2197 682 2238 vocabatur
702 2198 837 2246 Lora3
868 2211 1063 2250 quaeque
1084 2196 1183 2235 inde
1204 2196 1462 2250 Aquilonem
1488 2210 1630 2236 versus
1651 2197 1704 2236 ad

332 2293 468 2332 usque
489 2278 627 2317 sinum
650 2278 793 2317 Leven
816 2276 1083 2330 protenditur
1102 2276 1245 2330 plaga,
1276 2276 1489 2316 montibus
1525 2286 1568 2316 et
1588 2276 1705 2316 valli-

332 2358 410 2398 bus
430 2358 672 2406 intersecta,
693 2357 839 2396 Conae
860 2370 1031 2410 quoque
1051 2356 1222 2396 nomine
1243 2366 1331 2396 erat
1345 2364 1455 2396 nota.

991 2503 1044 2542 T.

387 2591 596 2646 Scipionis
629 2594 759 2634 instar
790 2592 1010 2634 contendit
1045 2593 1214 2633 Calmar
1243 2593 1399 2635 bellum
1430 2595 1696 2635 inferendum

330 2683 421 2710 esse
443 2670 572 2713 hostis
591 2674 759 2715 finibus,
