1936 3203
282 257 390 310 226
749 272 907 304 NOTAE
934 272 989 305 IN
1017 272 1118 305 Lm.
1147 272 1218 304 vr.

295 445 482 500 quidem,
500 454 544 485 ut
561 445 699 498 inquit
717 445 886 484 Marcus
904 445 957 483 T.
975 445 1024 484 C.
1040 454 1099 485 est
1119 454 1232 485 tanta
1251 446 1323 494 vis,
1340 460 1449 499 quae
1467 461 1546 486 non
1566 448 1679 488 ferro

296 536 420 580 atque
435 524 587 563 viribus
596 523 807 562 debilitari
817 523 1044 578 frangique
1058 525 1229 577 possit.”
1252 525 1332 564 Ast
1346 525 1528 565 animum
1544 526 1673 567 lenire

298 605 493 645 Suarenis
513 602 627 642 nulla
649 603 786 656 potuit
805 603 1060 643 validissima
1080 604 1254 644 dextera
1274 620 1282 644 ε
1320 604 1358 644 id
1380 620 1464 645 una
1486 606 1674 647 confecit

296 682 508 737 Phingalis
530 682 633 721 mira
653 681 821 732 indoles,
855 683 1134 737 bonitasque3
1157 684 1409 740 hostemque
1430 687 1677 736 immanem,

298 761 466 816 penitus
494 768 714 809 mutatum,
751 760 932 800 amicitia
968 760 1040 800 ille
1074 761 1154 800 sibi
1190 761 1381 802 devinxit
1412 764 1677 818 sempiterna.

300 841 411 880 Hinc
432 841 496 889 iis,
517 839 590 893 qui
611 854 686 879 nos
707 854 783 893 per
805 838 999 893 injuriam
1021 840 1190 890 laesere,
1220 842 1386 881 obviam
1409 856 1569 892 eamus,
1607 844 1682 883 be-

299 919 538 962 nevolenti&-
558 918 768 969 instructi,
784 918 1227 977 jucundissimamque
1245 921 1458 962 victoriam
1477 937 1550 978 spe
1563 937 1678 978 prae-

299 1016 523 1042 sumamus.

967 1148 1020 1188 G.

360 1241 483 1284 Quae
513 1240 704 1294 sequitur
725 1238 940 1294 Pliingalis
976 1240 1179 1288 doctrina,
1215 1254 1296 1279 non
1334 1249 1396 1280 est
1432 1241 1471 1280 ei
1503 1240 1682 1280 multum

302 1319 526 1368 dissimilis,
557 1334 683 1373 quam
707 1319 833 1359 tradit
858 1321 916 1359 Μ.
938 1321 994 1360 Τ.
1018 1320 1173 1359 Cicero
1204 1320 1242 1358 in
1270 1320 1440 1359 Somnio
1461 1321 1685 1374 Scipionis.

306 1399 492 1452 “Igitur
527 1398 606 1439 alte
638 1408 828 1452 spectare
867 1400 899 1438 si
934 1400 1063 1448 voles,
1099 1400 1238 1453 inquit
1277 1400 1419 1452 Scipio
1450 1399 1688 1448 Africanus,

306 1484 339 1504 “
360 1493 498 1532 neque
520 1487 561 1518 te
583 1477 841 1518 sermonibus
873 1478 990 1532 vulgi
1024 1478 1205 1528 dederis,
1240 1493 1383 1533 neque
1419 1480 1459 1517 in
1493 1479 1688 1532 praemiis

310 1556 554 1597 “humanis
589 1571 704 1610 spem
740 1556 931 1610 posueris
962 1570 1099 1596 rerum
1134 1566 1324 1596 tuarum:
1362 1556 1446 1595 suis
1467 1563 1508 1595 te
1529 1563 1689 1610 oportet

309 1637 568 1677 “illecebris
610 1637 698 1691 ipsa
735 1637 863 1676 virtus
902 1636 1037 1676 trahat
1073 1636 1125 1676 ad
1166 1651 1310 1677 verum
1350 1635 1493 1675 decus.
1571 1635 1689 1679 Quid

307 1722 339 1743 “
361 1717 413 1757 de
436 1728 476 1757 te
498 1718 569 1756 alii
592 1717 831 1771 loquantur,
862 1716 943 1770 ipsi
966 1717 1158 1766 videant3
1192 1716 1265 1757 sed
1287 1716 1517 1769 loquentur
1535 1724 1690 1755 tamen.

307 1802 340 1821 “
366 1799 506 1837 Sermo
539 1807 681 1837 autem
712 1797 848 1836 omnis
870 1796 942 1836 ille
964 1808 1003 1836 et
1024 1795 1229 1850 angustiis
1251 1796 1439 1849 cingitur
1473 1795 1524 1834 iis
1551 1794 1690 1848 regio-

310 1881 342 1901 “
365 1892 478 1925 num,
499 1892 602 1931 quas
622 1877 760 1926 vides3
788 1891 868 1916 nec
893 1891 1076 1930 unquam
1099 1875 1153 1914 de
1177 1874 1261 1914 ullo
1283 1874 1480 1927 perennis
1504 1873 1616 1923 fuit3
1650 1883 1691 1913 et

309 1961 340 1981 “
361 1956 550 1995 obruitur
574 1956 790 1995 hominum
829 1956 1017 2004 interitu,
1047 1964 1090 1994 et
1111 1954 1322 1993 oblivione
1344 1951 1598 2005 posteritatis
1619 1965 1691 1990 ex-

311 2041 338 2061 “
362 2037 612 2091 tinguitur.”

978 2182 1034 2220 H.

360 2279 579 2332 Sapienter
597 2276 650 2316 de
669 2276 778 2315 victo
796 2274 1104 2326 fortissimoque
1123 2273 1223 2322 viro,
1243 2270 1515 2319 Cuchulline,
1532 2267 1691 2308 mentio

308 2360 378 2399 fit:
408 2372 588 2411 namque
610 2356 704 2396 inde
728 2363 935 2395 recreetur
956 2362 1188 2406 carpatque
1210 2350 1401 2391 solatium
1423 2349 1586 2389 Suaren
1611 2360 1686 2385 ne-

308 2453 422 2479 cesse
446 2447 523 2477 est.
587 2437 645 2475 Εό
669 2449 837 2489 quoque
871 2432 1003 2473 tendit
1037 2431 1146 2485 quod
1169 2431 1222 2471 de
1244 2428 1446 2470 Grumale
1469 2425 1689 2480 subjicitur

311 2517 566 2572 episodium.
