1936 3203
234 307 334 341 Lm.
362 305 433 339 iv,
593 302 708 336 snm
733 297 987 334 HIBERNIA
1015 293 1289 328 LIBERATA.
1547 274 1645 324 151

235 481 410 547 Cingis
435 480 522 548 qui
547 478 795 545 clypeum,
823 471 1051 530 Conna13
1091 467 1336 536 fuscisque
1361 464 1546 532 capillis

234 576 346 639 Vir,
374 572 607 625 Dermid.
682 568 835 619 Laeti
858 574 1045 616 vestras
1064 563 1336 633 expromite
1360 562 1488 610 vires

232 669 562 722 Morvenidae
585 688 594 717 :
622 672 831 735 praesto,
856 663 1008 732 spiras
1032 662 1119 731 qui
1142 666 1338 729 pectore
1361 672 1547 717 versuS‚

234 767 310 816 Sis
325 766 469 827 mihi,
478 760 779 828 Phingalide
785 760 1034 827 3ferroque
1051 754 1284 806 abscinde
1299 760 1536 802 catervas.
1548 749 1653 801 525

304 860 545 911 Protinus
571 857 741 907 hastili
766 855 1022 905 sublatum
1046 850 1313 921 pandimus
1332 849 1508 913 ingens

232 956 488 1006 Vexillum
512 954 654 1019 regis.
730 949 883 1001 Nova
908 947 1096 1015 gaudia
1120 945 1362 995 sensimus
1381 959 1571 1003 omnes,

233 1052 311 1102 Ut
336 1053 433 1102 fuit
458 1051 745 1119 explicitum
772 1046 1047 1113 mediisque
1065 1040 1302 1112 pependit
1326 1041 1379 1088 in
1406 1038 1538 1087 auris

236 1148 353 1198 Hoc
370 1146 539 1215 jubar,
567 1146 659 1194 hoc
682 1144 829 1193 bullis
857 1158 1076 1209 auroque
1101 1138 1295 1202 insigne
1321 1151 1601 1193 coruscum,

237 1244 414 1304 Qualis
440 1243 518 1291 vel
544 1242 664 1291 coeli
689 1240 836 1289 facies
863 1234 1172 1302 fulgentibus
1199 1232 1340 1282 astris
1555 1230 1661 1281 550

237 1338 457 1388 Noctem
482 1337 573 1386 sub
598 1334 861 1403 placidam.
936 1330 1194 1380 Vexillum
1220 1327 1397 1376 ductor
1423 1322 1644 1373 habebat

236 1434 464 1502 Quisque
480 1449 628 1482 suum
652 1452 665 1490 3
692 1428 1056 1496 chalybemque
1071 1424 1208 1474 ducis
1229 1422 1418 1472 delecta
1437 1421 1664 1469 virorum

239 1529 421 1579 Turba
446 1527 761 1596 sequebatur,
786 1523 1105 1593 pulchrisque
1124 1518 1320 1570 nitebat
1345 1519 1397 1567 in
1425 1516 1591 1566 armis.

308 1624 451 1674 Tum
471 1625 538 1672 sic
562 1641 644 1672 rex
670 1620 908 1685 Phingal‚
937 1617 1108 1685 cyathi
1133 1634 1217 1664 rex
1242 1631 1454 1663 munere
1479 1612 1611 1661 felix.

240 1719 327 1770 En
348 1718 494 1768 modo
511 1717 817 1767 Lochlineae
834 1715 992 1784 spatia
1011 1714 1063 1763 in
1081 1710 1329 1762 contraria
1344 1717 1516 1774 gentes
1560 1708 1663 1758 335

241 1815 466 1881 Agmine
490 1814 674 1881 partito
700 1811 902 1872 cedunt,
927 1827 1018 1859 ceu
1041 1807 1234 1868 nubila,
1260 1805 1525 1873 postquam

241 1908 502 1959 Turbidus
529 1907 691 1957 imber
712 1907 842 1974 aqua
863 1905 993 1954 coelo
1018 1900 1273 1952 descendit
1299 1898 1363 1948 ab
1389 1899 1487 1948 alto
1510 1919 1524 1957 3

244 2009 634 2073 Semustumque
658 2020 837 2052 nemus
862 2000 1104 2061 referunt,
1130 1998 1212 2047 cui
1232 1996 1458 2047 fulminis
1485 2001 1646 2043 aestus

242 2101 477 2153 Nudavit
502 2100 674 2149 densos
699 2096 952 2147 frondenti
977 2094 1164 2143 vertice
1188 2110 1367 2153 ramos,

244 2197 564 2264 Immisitque
589 2194 740 2255 diem,
766 2190 1040 2260 penetralia
1065 2206 1211 2237 caeca
1235 2185 1509 2236 recludens.
1564 2182 1671 2234 540

244 2292 348 2344 Vos
373 2310 505 2358 ergo,
525 2307 695 2340 rerum
719 2288 905 2338 fiducia
929 2302 1118 2350 magna
1137 2299 1386 2343 mearum,

246 2389 436 2450 Dicite,
457 2387 683 2437 ductores
707 2384 876 2454 primi,
903 2383 986 2432 cui
1011 2381 1219 2450 quisque
1243 2377 1465 2445 maniplo

248 2484 496 2537 Hostibus
522 2485 548 2532 ἐ
573 2482 750 2532 nostris
774 2486 911 2548 optet
937 2484 1125 2527 certare
1149 2483 1352 2544 paratus
1373 2494 1383 2522 ;

248 2578 677 2646 Audendumque,
701 2576 816 2638 viri,
842 2593 906 2625 ne
930 2573 1040 2643 quis
1060 2588 1146 2640 per
1171 2569 1368 2619 caerula
1391 2566 1532 2636 ponti
