1936 3203
234 304 334 338 Lm.
360 303 394 337 1.
597 300 710 334 mvn
736 295 989 332 HIBERNIA
1016 294 1290 328 ΜΒΕΒΑΤΑ,
1577 281 1646 331 63

232 475 492 527 Fluctibus
516 477 570 524 in
595 472 803 522 summis
828 470 1026 539 pendet,
1052 469 1396 538 premiturque
1412 469 1626 518 vicissim

230 571 561 633 Flaminibus‚
588 569 744 638 qualis
770 584 870 616 sese
895 563 1128 630 Legonia
1144 564 1174 598 ᾗ
1199 563 1326 612 tollit

231 668 384 734 Sylva
407 685 494 735 per
519 667 785 715 immensos
810 669 1013 723 tractus,
1040 659 1133 710 sub
1158 660 1342 708 vertice
1366 666 1564 708 nutans,

229 762 401 824 Quod,
426 764 466 812 si
490 762 569 811 vel
594 758 813 826 Phingal
838 758 963 807 foret
987 757 1087 818 hic,
1124 764 1232 804 tam
1257 754 1451 822 dispare
1475 770 1645 803 rerum

226 859 368 909 Sorte
391 877 484 909 nec
507 859 609 928 ipse
634 856 838 926 quidem
862 854 1010 902 vellet
1035 851 1349 902 committere
1373 867 1616 917 pugnam,

225 954 505 1020 Albineus†
532 961 706 1014 rector,
733 950 968 1016 Phingal,
995 948 1095 998 dux
1110 948 1328 1015 optimus
1351 946 1517 1007 armis,
1541 946 1641 996 135

225 1050 575 1119 Bellantesque
599 1050 729 1098 viros
753 1046 927 1096 dextra
951 1045 1039 1114 qui
1062 1043 1230 1110 dejicit
1254 1058 1441 1102 omnes,

223 1147 419 1198 Praelia
444 1145 735 1196 nimborum
759 1149 989 1192 sternunt
1014 1156 1105 1189 ceu
1129 1136 1371 1203 graminis
1395 1134 1624 1196 herbam,

225 1242 457 1293 Turbida
481 1243 599 1291 cum
623 1239 842 1290 tumulos
868 1237 1021 1305 replet
1046 1231 1367 1303 plangoribus
1394 1232 1513 1280 altos

223 1338 366 1388 Cona
385 1340 432 1403 ss,
458 1338 700 1404 nigroque
723 1335 822 1403 poli
846 1333 1042 1381 velatur
1066 1328 1285 1380 Morven
1313 1327 1518 1376 amictu.

289 1432 411 1484 Non
437 1431 669 1501 equidem
693 1446 885 1498 pacem,
910 1444 1011 1477 non
1036 1426 1138 1476 otia
1152 1424 1334 1473 inertia
1354 1421 1517 1483 laudo,
1538 1422 1641 1472 140

218 1530 423 1580 Cahnar
445 1529 540 1577 ait:
572 1526 831 1576 Cromlam
849 1522 1046 1573 Conna]
1061 1520 1366 1587 nebulasque
1386 1524 1635 1585 peragret:

217 1625 357 1675 Illius
382 1625 524 1672 hasta
549 1628 743 1689 premat
769 1635 986 1677 cervam,
1013 1617 1132 1664 cum
1156 1614 1344 1682 praelia
1368 1621 1566 1679 tempus

219 1720 400 1781 Poscit,
427 1727 475 1767 et
500 1718 711 1766 heroum
736 1712 912 1763 mediis
938 1711 1129 1759 fervere
1154 1709 1380 1758 catervis.

218 1814 495 1866 Hinneolos
521 1810 727 1861 maculis
752 1808 913 1856 varios
937 1822 1024 1873 per
1050 1804 1196 1852 devia
1220 1803 1404 1851 montis

214 1909 500 1978 Insequitor
522 1926 535 1965 3
577 1903 754 1955 Lenae
779 1917 976 1969 capreas
1002 1896 1195 1962 confige
1219 1897 1426 1962 sagittis.

216 2009 306 2068 At,
332 2004 419 2073 qui
445 2000 669 2052 Semonis
695 2013 925 2064 generoso
951 2013 999 2044 es
1024 1994 1267 2060 sanguine
1292 2000 1469 2053 cretus,

215 2102 420 2169 Quique
445 2099 547 2148 una
571 2103 776 2156 nostros,
803 2093 1050 2159 sociosque
1075 2090 1128 2138 in
1154 2089 1340 2157 praelia
1365 2088 1512 2153 cogis,

213 2197 402 2264 Disjice
428 2190 781 2248 Lochlinidas·;
821 2187 1064 2238 findentes
1090 2183 1322 2234 classibus
1349 2200 1546 2252 aequor,

215 2292 511 2344 Barbaricas
536 2295 701 2338 everte
728 2286 869 2345 acieS‚
895 2301 958 2332 ne
984 2281 1176 2331 concita
1200 2280 1319 2328 velis

211 2388 510 2453 Remigiove
534 2384 653 2434 ratis
676 2388 837 2431 tentet
861 2379 970 2428 salis
995 2378 1065 2426 ire
1089 2393 1176 2444 per
1199 2372 1375 2424 undas.
1528 2373 1631 2423 150

216 2486 402 2536 Saevus
426 2483 450 2548 §
477 2480 540 2531 ab
565 2476 757 2530 Erineo
782 2491 1079 2542 consurgens
1105 2472 1267 2521 littore
1291 2475 1471 2517 ventus

216 2583 427 2649 Asperet
451 2575 757 2627 Orcadicum
782 2572 1015 2642 pelagus·,
1054 2569 1344 2633 detortaque
1369 2562 1515 2624 coelo,

537 2715 753 2759 *Nota,Q.
858 2712 946 2760 asa.
1052 2708 1126 2756 ξε.
1236 2705 1328 2751 qr.
