1936 3203
283 263 387 316 140
827 272 1157 318 ΡΗΙΝΟΑιΕιε,
1498 270 1597 304 LIB.
1624 270 1695 304 ιν.

281 449 507 502 Ultimus
533 449 635 517 ipse
658 463 770 497 meo
795 444 917 513 quid
942 444 1163 494 carmine
1187 443 1377 507 diceris,
1403 442 1562 510 Ogar,

282 548 435 599 Alme
459 546 552 607 vir,
578 541 861 594 Ardvenias
878 541 1013 590 fama
1039 548 1313 590 memorate
1337 558 1423 609 per
1449 557 1571 589 oras.

356 641 599 691 Cominus
625 638 707 686 hic
727 635 890 685 Dolae
906 643 1062 685 certat
1084 656 1097 695 3
1116 635 1326 705 jamque
1352 654 1522 705 aspera
1541 634 1702 702 surgit

280 737 479 804 Pugna,
504 734 763 803 repentino
788 732 947 780 veluti
971 732 1130 800 quum
1145 731 1349 781 turbine
1368 733 1507 782 venti
1547 733 1701 796 [lunt.

285 832 625 883 Commiscent
649 830 870 898 pelagus,
909 845 1240 896 spumamque
1265 828 1357 878 sub
1384 829 1585 878 aethera
1608 829 1708 878 tol-

280 926 406 978 Mox
430 925 654 975 habilem
679 924 806 974 bello
832 924 988 972 sicam
1011 922 1291 972 nudaverat
1315 922 1473 989 Ogar,
1628 924 1698 975 65,

285 1022 478 1091 Corpus
506 1022 559 1071 in
586 1020 781 1069 adversi
805 1019 976 1068 novies
1002 1035 1157 1086 quam
1177 1017 1397 1067 condidit
1421 1019 1572 1068 hostis
1593 1040 1604 1068 :

280 1118 393 1171 Nec
409 1119 517 1187 jam
544 1134 717 1186 pugna
742 1116 840 1165 fuit
863 1135 877 1175 3
916 1113 1168 1164 subsidere
1193 1114 1379 1164 refluus
1406 1123 1581 1165 aestus.

279 1216 540 1268 Irrueram
566 1214 726 1272 ferro3
768 1211 1024 1261 Cormacis
1050 1210 1280 1276 frangere
1304 1208 1491 1259 durum

278 1311 385 1362 Ter
410 1311 538 1360 mihi
564 1309 840 1374 contigerat
866 1308 1132 1375 clypeum3
1162 1308 1238 1356 ter
1265 1306 1480 1372 fregerat
1505 1307 1709 1357 hastam

278 1406 372 1458 Ille
396 1423 553 1456 suam.
629 1402 662 1453 J
668 1403 802 1452 acuit
825 1402 959 1451 terra
983 1410 1132 1470 caput
1156 1402 1284 1451 illius
1309 1401 1425 1465 uda,
1638 1403 1708 1458 70

281 1502 448 1554 Caede
473 1506 820 1550 cruentatum:
863 1499 1065 1547 comites
1088 1506 1203 1547 tum
1226 1505 1367 1564 terga
1391 1497 1652 1549 dederunt.

352 1596 505 1659 Quod
530 1597 585 1659 si,
612 1596 773 1664 quum
796 1594 904 1643 telis
932 1593 1056 1642 adeo
1082 1592 1347 1661 validaque
1364 1592 1581 1661 juventa

280 1694 479 1746 Praelia
504 1692 728 1743 conserui
754 1689 1024 1759 quondam,
1051 1689 1173 1754 vigil
1198 1690 1368 1739 omnia
1393 1690 1514 1752 vidi,

280 1789 436 1841 Hanc
461 1807 542 1838 me
567 1788 841 1837 ducturum
866 1786 1027 1834 vitam
1053 1785 1161 1854 quis
1187 1785 1371 1835 diceret
1395 1787 1553 1850 heros,

283 1886 415 1937 Atra
441 1891 707 1952 perpetuae
732 1897 949 1930 mersam
975 1880 1186 1945 caligine
1210 1882 1382 1943 noctiS‚
1640 1883 1706 1937 75

282 1982 386 2032 Aes
411 1980 536 2029 foret
561 1979 680 2028 huic
703 1977 880 2044 triplex
905 1976 1034 2024 circa
1058 1975 1344 2043 praecordia
1368 1976 1594 2041 ductum,

282 2076 377 2129 Nil
401 2077 603 2126 solitum
627 2073 794 2135 robur,
820 2072 955 2121 vinci
981 2074 1104 2140 quin
1130 2072 1293 2120 nescia
1317 2072 1491 2122 virtus.

354 2173 453 2224 Per
479 2171 655 2222 Lenae
680 2168 852 2220 siluit*
878 2168 1096 2217 tumulos
1117 2185 1380 2237 caecasque
1399 2184 1486 2237 pel·
1505 2168 1708 2220 umbras

283 2270 451 2322 Dulce
475 2269 653 2318 melos:
695 2263 1070 2316 crebrescebant
1094 2263 1354 2314 stridentia
1377 2266 1526 2331 sylvis

284 2365 530 2417 Flamina.
607 2362 700 2414 Me
724 2360 1074 2428 vigilem‘curis
1096 2358 1361 2427 Evirallyn
1383 2360 1618 2425 habebat,
1642 2363 1710 2414 80

287 2460 487 2513 Lucida
512 2462 630 2512 cum
654 2459 877 2519 tandem,
899 2458 1187 2527 solvensque
1211 2457 1264 2508 in
1288 2456 1504 2509 flumina
1522 2459 1709 2521 oce1108‚

869 2598 893 2622 ὓ
912 2596 1024 2640 Nota,
1047 2598 1089 2635 C.
