1936 3203
919 273 987 326 47

312 449 398 499 De
432 449 775 500 convertendis
816 448 1015 497 aliunde
1054 466 1154 497 non
1188 447 1363 496 eadem
1389 454 1559 498 tamen
1585 460 1657 500 est

240 574 378 606 mens
394 557 676 605 hominum.
713 554 861 617 Sunt,
884 556 969 623 qui
989 555 1148 604 aliena
1162 554 1374 605 totidem
1389 556 1553 606 verbis
1570 575 1657 606 cu-

236 664 376 730 piant
394 661 557 721 reddi,
583 669 818 730 torquent
844 661 943 723 alii,
960 670 1292 731 evertuntque
1326 662 1462 724 adeo,
1488 670 1547 712 ut
1572 664 1654 712 vix

234 768 441 818 tandem
467 770 716 837 exemplar
733 776 1042 834 agnoscatur.
1116 766 1410 838 Utrumque
1434 770 1658 837 vituper-

235 874 425 924 andum
443 895 463 924 :r
493 876 603 937 hoc,
642 874 906 943 siquidem,
934 892 1089 943 quam
1104 875 1390 943 quaerimus
1411 876 1654 943 interpre-

230 982 488 1044 tationem,
507 983 656 1051 ipsius
673 982 962 1049 exemplaris
979 982 1195 1030 imitatio
1211 990 1282 1030 est
1308 983 1359 1030 in
1377 982 1650 1043 sententiis,

232 1105 287 1136 ac
312 1088 564 1137 simillima
607 1089 805 1154 imago:
847 1088 968 1137 illud
999 1090 1146 1156 porro
1185 1087 1356 1149 facilis,
1396 1088 1484 1155 qui
1508 1089 1652 1155 sapit,

231 1195 484 1245 fatebitur.
561 1194 657 1245 Est
688 1213 836 1244 suum
862 1195 1135 1263 unicuique
1159 1194 1299 1259 genti
1325 1194 1651 1262 symphoniae

229 1320 399 1367 genus.
476 1301 592 1352 Hoc
617 1320 800 1367 magno
828 1319 944 1351 cum
971 1302 1258 1350 animorum
1283 1309 1425 1350 motu
1451 1309 1650 1368 perten-

227 1416 302 1456 tat
327 1408 587 1475 cujusdam
606 1426 745 1456 aures
766 1429 778 1466 3
819 1407 881 1455 ab
908 1408 1006 1455 alia
1032 1408 1160 1455 iners
1186 1415 1236 1454 et
1269 1406 1518 1456 absonum
1557 1426 1651 1476 pu—

227 1522 380 1577 tatur,
407 1513 616 1582 ideoque
641 1513 878 1580 rejicitur.
931 1513 1014 1562 Sic
1040 1512 1171 1580 apud
1196 1512 1469 1562 Caledones
1495 1532 1646 1581 quae-

227 1622 346 1670 dam
395 1621 652 1670 invenitur
690 1636 873 1668 vocum
911 1619 1065 1679 natio,
1110 1619 1209 1685 qua
1235 1618 1328 1685 ipsi
1351 1617 1415 1666 ob
1440 1618 1648 1683 longum

227 1743 648 1794 communemque
668 1725 979 1774 delectantur
1004 1741 1170 1773 usum.
1245 1724 1336 1785 At,
1377 1723 1416 1771 si
1442 1741 1499 1771 ex
1536 1741 1649 1790 pro-

224 1834 330 1902 prio
358 1834 665 1882 tranferatur
709 1832 822 1894 solo,
865 1830 1176 1899 totidemque
1220 1831 1517 1880 enuncietur
1562 1847 1649 1878 vo—

224 1940 426 2003 cabuliS,
443 1958 587 2009 quae,
614 1941 641 1987 a
657 1947 812 1988 semet
836 1938 1010 1998 soluta,
1028 1936 1162 1985 idem
1179 1934 1481 2001 significant,
1497 1943 1555 1984 ut
1570 1936 1648 1985 in-

222 2049 349 2098 sulsa
373 2048 587 2115 prorsus,
604 2054 652 2095 et
674 2064 791 2095 cum
812 2054 1025 2113 stupore,
1052 2044 1337 2112 excipietur.
1412 2041 1560 2092 Idem
1585 2044 1646 2092 de

220 2156 450 2204 omnium
488 2153 787 2222 populorum
825 2151 1095 2200 dicendum
1135 2158 1207 2199 est
1246 2150 1454 2217 eloquio,
1496 2149 1644 2217 quod,

220 2262 296 2311 uti
311 2261 644 2322 notissimum,
671 2276 771 2308 non
789 2267 860 2306 est
881 2275 969 2306 cur
985 2258 1231 2306 illustrare
1246 2257 1394 2304 nitar.
1472 2256 1645 2315 Quae-

221 2367 394 2417 rendos
420 2367 576 2432 igitur
602 2365 819 2416 intellexi
858 2382 935 2413 eos
974 2364 1102 2412 mihi
1142 2380 1240 2411 esse
1278 2360 1544 2429 pulchellos
1569 2360 1644 2409 di..

222 2472 366 2522 cendi
392 2472 629 2535 ambitUS,
654 2471 741 2540 qui
770 2477 997 2539 saperent
1014 2468 1247 2528 Latium,
1287 2466 1644 2535 scriptoresque

225 2578 473 2630 adeundos
509 2578 771 2646 principes,
794 2578 880 2646 qui
905 2575 1119 2638 Romae,
1145 2574 1237 2624 sub
1265 2573 1487 2639 Augusti
1512 2580 1641 2625 tem-

223 2706 357 2757 pora,
382 2686 676 2737 floruerunt.
