1936 3203
743 623 1051 687 NOTAE

467 940 847 994 LIBRUM
917 940 1318 993 PRIMUM„

866 1269 900 1306 A

266 1346 369 1386 REM
388 1345 634 1399 aggreditur
648 1346 844 1386 Ossianes
858 1346 1018 1401 absque
1033 1346 1301 1400 ambagibus,
1316 1345 1368 1385 ad
1386 1353 1582 1386 eventum

211 1424 427 1464 festinans.
464 1424 572 1463 Ante
592 1425 765 1473 Turam,
787 1438 926 1464 arcem
949 1425 1170 1476 Ultoniae,
1187 1440 1260 1466 seu
1283 1425 1453 1476 Ullinis‚
1474 1440 1584 1480 quae

151 1499 153 1504 Α
209 1504 426 1556 provincia
456 1513 520 1543 est
547 1504 763 1543 Hibernae
790 1504 841 1543 ad
865 1503 1137 1558 Aquilonem,
1170 1504 1328 1544 sedisse
1357 1505 1471 1544 canit
1491 1505 1581 1544 Cu-

208 1582 410 1633 chulli-na,
426 1584 616 1623 Semonis
633 1582 779 1623 filium.
854 1584 956 1628 Quo
973 1584 1107 1637 magis
1127 1594 1271 1624 autem
1294 1584 1374 1624 hac
1396 1584 1583 1638 imagine

209 1662 451 1716 defigantur
471 1662 707 1702 auditorum
741 1664 883 1714 animi,
918 1664 1013 1714 alia,
1050 1664 1132 1704 huc
1166 1665 1414 1718 spectantia,
1445 1663 1581 1704 nitide

208 1741 422 1782 describit.

839 1825 886 1864 B.

255 1898 350 1938 Fuit
370 1898 600 1939 Cuchullin
617 1899 892 1951 Caledonius,
907 1900 1157 1955 insulaeque
1171 1909 1369 1956 regnator
1385 1901 1580 1951 Alatae*‚

206 1992 316 2032 quae
350 1978 605 2028 Ebudarum,
637 1980 722 2020 sive
772 1980 1007 2020 Hebridum
1043 1980 1167 2020 tertia
1213 1989 1278 2020 est
1322 1980 1374 2020 ad
1410 1981 1579 2021 Scotiae

205 2055 434 2096 Occasum.
508 2055 600 2096 Illic
642 2056 787 2098 sedem
822 2057 970 2097 habuit
999 2057 1332 2109 Dunscacfflern,
1383 2072 1494 2112 quae
1525 2059 1579 2098 ad

205 2134 316 2174 hunc
353 2150 486 2189 usque
530 2135 641 2175 diem
687 2135 841 2189 partim
886 2137 1077 2186 duravit3
1121 2138 1333 2190 marisque
1382 2137 1579 2178 fluetibus

206 2212 318 2266 pene
352 2214 550 2267 cingitur.
622 2214 712 2253 Stat
740 2213 867 2267 juxta
901 2215 1045 2268 Lapis,
1083 2215 1151 2254 cui
1172 2215 1399 2264 Luathum,
1429 2229 1579 2255 canem

207 2292 473 2332 Cuchullinis
491 2293 744 2343 venaticum,
765 2292 888 2347 ligari
920 2293 1090 2333 solitum
1111 2294 1342 2333 memoriae
1362 2293 1578 2347 proditum

203 2379 279 2410 est.
336 2371 414 2409 Vir
433 2379 522 2410 erat
542 2371 791 2411 fortissimus
812 2386 819 2409 :
853 2371 885 2410 si
917 2371 1012 2424 quis
1033 2385 1109 2411 nos
1130 2371 1240 2411 inter
1260 2371 1410 2411 robore
1431 2385 1577 2411 cursu-

206 2463 289 2501 que
309 2457 507 2502 praestet‚
557 2449 804 2489 Cuchullini
825 2458 1105 2502 comparatur.
1165 2449 1284 2490 Illius
1317 2449 1476 2491 lethum
1498 2465 1574 2491 no-

202 2529 277 2568 bili
308 2529 485 2582 ploravit
506 2529 691 2569 carmine
713 2529 927 2569 Ossianes.

727 2655 751 2678 *
773 2653 934 2702 Anglice
958 2654 1048 2704 Sky.
