1936 3203
230 301 330 336 ΜΒ.
359 302 413 335 11.
589 301 703 334 SIVE
729 298 983 334 HIBERNIA
1011 297 1283 331 LIBERATA.
1541 284 1641 333 105

232 473 657 543 Quandoquidem
682 473 803 522 coeli
819 470 1046 540 jucundo
1071 472 1262 521 lumine
1287 479 1337 520 et
1357 471 1487 520 auris

232 571 501 622 Nudaram
510 568 770 635 juvenem,
792 585 888 636 quo
903 585 1004 616 non
1023 568 1154 617 mihi
1168 567 1362 617 charior
1376 567 1520 616 ullus.

304 666 448 715 Tum
471 664 639 713 solitus
667 662 832 712 Carril
856 662 1106 713 modulari
1129 663 1295 713 flebile
1320 681 1522 713 carmen
1548 663 1651 714 415

233 762 382 812 Talia
406 760 540 810 dicta
563 758 726 808 dedit:
766 759 941 825 riguae
966 759 1067 808 dux
1091 758 1334 809 Phallidis
1361 777 1488 822 acer,

238 858 445 926 Quique
470 873 614 905 ornas
641 872 864 917 currum,
882 854 994 922 jam
1017 873 1118 904 non
1144 855 1333 905 ornaris
1360 854 1424 905 ab
1448 856 1546 917 illo,

237 951 406 1001 Triste
429 951 580 1001 refers
603 971 612 1000 :
643 950 911 1019 animoque
935 950 1088 1013 subit,
1110 951 1245 1020 quod
1266 950 1413 1000 tarda
1440 958 1659 1000 vetustas

238 1046 461 1098 Protulit
485 1048 539 1096 in
564 1046 808 1096 medium.
848 1044 1041 1096 Tacitis
1057 1046 1341 1096 labentibus
1359 1048 1517 1109 annis,

243 1142 461 1192 Comalis
485 1143 733 1211 increpuit
756 1161 941 1193 nomen
966 1143 1291 1193 memorabile
1316 1143 1480 1193 fama:
1556 1144 1665 1195 420

244 1239 357 1301 Sed,
383 1239 495 1288 licet
520 1238 691 1287 infelix
715 1239 813 1287 telo
838 1239 1102 1287 mactasset
1128 1239 1345 1287 amicam

244 1334 637 1402 Dimidiumque
665 1334 880 1395 animae,
906 1335 1066 1384 multo
1092 1334 1319 1384 sublimis
1338 1335 1525 1384 honore

246 1428 328 1479 Ex
355 1429 458 1478 acie
482 1427 632 1478 rediit
657 1429 816 1478 victor
840 1430 1121 1499 pugnisque
1146 1431 1380 1480 cruentis.

246 1523 297 1574 Is
323 1524 420 1573 fuit
445 1523 692 1573 Albineus
707 1524 951 1591 princeps,
977 1533 1283 1593 centumque
1300 1525 1544 1592 jugorum

249 1618 509 1683 Regnator
530 1638 545 1676 ·,
584 1618 817 1685 cervique
840 1618 970 1667 illius
994 1620 1130 1668 mille
1154 1618 1398 1669 bibebant
1566 1621 1669 1673 425

250 1713 520 1772 Flumina3
559 1712 775 1762 latrabat
800 1721 1006 1762 centum
1031 1713 1124 1763 sub
1149 1714 1342 1764 cotibus
1370 1715 1478 1764 altis

253 1810 433 1860 Turba
457 1827 674 1869 canum;
713 1827 847 1859 roseo
873 1809 1097 1875 fulgebat
1123 1810 1176 1858 in
1201 1828 1285 1858 ore
1300 1810 1560 1877 juventus,

254 1905 602 1973 Miscebatque
626 1922 806 1954 manus
831 1904 1037 1968 bellum,
1062 1913 1381 1975 stragemque
1406 1907 1569 1957 ciebat

254 2002 503 2052 Heroum.
579 1999 712 2050 Toto
736 2002 1020 2070 nympham
1045 2001 1138 2052 sub
1163 2002 1308 2052 corde
1332 2005 1534 2072 recepit,

257 2096 481 2147 Nomine
507 2095 802 2159 Galvinam,
828 2098 988 2165 spoliis
1012 2098 1295 2167 paterisque
1319 2099 1535 2167 superbi,
1573 2101 1679 2151 430

261 2193 465 2244 Conloci
489 2192 722 2255 sobolem,
749 2194 850 2262 qua
873 2211 975 2242 non
1001 2193 1257 2242 formosior
1281 2196 1509 2263 usquam.

260 2289 523 2355 Virgineos
548 2290 679 2339 inter
705 2297 870 2340 coetus
895 2307 1116 2358 namque
1140 2290 1246 2358 ipsa
1270 2290 1478 2354 refulsit,

264 2385 404 2435 Sicut
430 2385 511 2435 Sol
536 2385 694 2434 coelo:
736 2385 871 2435 corvi
896 2386 976 2434 vel
999 2385 1188 2452 nigrior
1215 2385 1301 2434 alis

264 2478 506 2531 Ludebat
531 2481 677 2531 crinis
702 2499 789 2550 per
804 2480 1018 2531 candida
1042 2481 1195 2540 colla,
1233 2481 1449 2530 citorum

266 2574 358 2625 Vis
383 2575 489 2625 ibat
514 2578 737 2627 catulfim
762 2576 855 2627 sub
879 2577 1074 2636 littore;
1119 2575 1376 2626 montibus
1401 2593 1540 2628 arcus
1578 2579 1680 2631 435

269 2671 554 2732 Stridebat3
593 2674 754 2741 posuit
779 2691 918 2724 mens
943 2691 1044 2724 uno
1072 2671 1279 2724 Comale
1304 2671 1484 2723 sedem.
