1936 3203
245 265 343 298 Lm.
375 267 453 299 111.
594 267 709 300 swa
736 264 987 299 HIBERNlA
1018 263 1293 296 mmmm,
1565 252 1662 301 133

249 438 409 490 Haud
423 439 660 488 timidum
676 439 866 487 ferrum
884 457 897 496 3
924 437 992 485 sic
1007 454 1227 505 namque
1242 454 1328 504 per
1342 454 1428 486 ora
1442 439 1667 488 virorum

249 533 415 585 Notus
442 551 559 601 agar
584 542 749 582 cantu.
826 532 1017 594 Patres,
1044 536 1167 602 quin
1193 534 1295 602 ipse
1320 532 1505 582 solebas
1563 535 1664 584 525

247 629 331 681 Ire
358 631 475 692 acie,
501 628 735 695 Phingal‚
761 646 955 697 pugnas
982 629 1271 679 ineuntibus
1298 630 1466 679 hastis.

317 725 408 775 Me
432 734 536 787 tua,
564 724 848 787 hlorliiade,
873 733 984 774 tum
1012 724 1247 791 Phingal,
1273 726 1428 792 gloria
1451 728 1645 792 tangit:

247 821 424 890 Teque
447 840 594 890 penes
620 823 811 890 primae
837 822 897 871 sit
922 841 1122 890 pugnae
1147 839 1347 872 summa
1372 830 1583 891 potestas
1603 843 1615 882 3

249 916 530 986 Hastaque⁷
556 936 656 967 non
682 918 839 967 mollis
865 926 1020 980 tactu,
1046 926 1096 967 te
1120 937 1247 987 pone
1272 926 1519 987 sequetur.
1569 921 1672 971 529

250 1012 352 1062 Vos
369 1013 549 1081 quibus
566 1022 636 1063 est
652 1014 876 1063 studium
891 1014 1181 1064 meditando
1201 1013 1472 1065 extundere
1487 1033 1672 1076 versus,

253 1109 463 1159 Plectite
479 1110 590 1178 jam
616 1110 845 1171 citharas,
872 1110 1074 1158 citharis
1102 1110 1359 1178 adjungite
1384 1127 1603 1173 carmen,

250 1203 415 1274 Inque
439 1223 662 1271 gravem,
684 1214 836 1268 vates,
858 1223 971 1254 mea
992 1205 1188 1254 condite
1208 1207 1402 1254 lumina
1422 1223 1671 1255 somnum-

249 1298 358 1350 Hic
383 1319 472 1367 ego
497 1300 825 1369 procumbam
851 1301 989 1350 rauci
1016 1299 1108 1350 sub
1133 1302 1364 1367 margine
1388 1302 1487 1351 rivi

248 1393 291 1445 F
294 1396 479 1445 lamine
505 1405 773 1445 ventorum
798 1395 990 1445 medius
1015 1396 1308 1466 mediusque
1332 1398 1566 1449 tenebriS.

250 1490 303 1540 Si
329 1509 479 1553 nunc,
506 1490 829 1557 Agandaeca‚
854 1492 953 1541 tuis
979 1500 1037 1541 tu
1063 1492 1295 1558 gentibus
1323 1493 1483 1542 adstas
1572 1495 1673 1545 535

249 1586 347 1636 Per
374 1585 548 1635 Lenae
574 1588 808 1648 tumulos,
831 1587 1114 1656 harumque
1139 1589 1320 1637 teneris
1348 1606 1530 1652 amore,

252 1679 467 1741 Quodve
493 1698 602 1729 rear
626 1682 805 1748 potiUS,
832 1682 1007 1731 celeres
1033 1682 1071 1730 si
1096 1690 1240 1731 vecta
1263 1700 1350 1750 per
1378 1701 1520 1732 auras

251 1774 401 1844 Isque
426 1775 652 1844 redisque
677 1794 820 1844 super
846 1795 997 1826 naves
1022 1786 1160 1827 trans
1187 1797 1400 1847 aequora
1423 1780 1581 1847 ponti,

253 1869 302 1921 O
328 1889 410 1920 me
436 1871 513 1920 fac
540 1871 713 1930 adeas;
751 1880 917 1921 totum
942 1872 1036 1934 fac,
1065 1874 1195 1922 alma
1219 1873 1404 1923 decoris

254 1966 389 2029 Lux⁷
411 1969 551 2016 innes
575 1968 819 2029 animum,
840 1967 1034 2035 placida
1055 1968 1179 2018 dum
1200 1987 1321 2036 pace
1342 1970 1551 2038 quiesco.
1573 1971 1677 2021 540

321 2061 629 2111 Innumerae
648 2079 888 2129 vocesque
909 2063 1010 2110 una
1031 2063 1352 2132 citharaeque
1371 2082 1459 2132 per
1481 2082 1626 2114 auras

254 2153 554 2204 Insonuere:
597 2163 787 2204 canunt
812 2154 944 2205 dulci
971 2158 1244 2206 certamine
1269 2166 1406 2206 vates

258 2249 360 2300 Res
387 2250 512 2300 bello
538 2259 696 2316 gestas
724 2251 867 2315 regis,
895 2250 1166 2320 ductosque
1189 2253 1487 2320 triumphos,

256 2343 680 2414 Magnanimique
706 2344 842 2393 ducis
868 2353 1041 2395 notam
1065 2365 1152 2415 per
1177 2348 1371 2397 saecula
1396 2357 1626 2413 gentem:

256 2439 376 2492 Ibat
402 2449 450 2490 et
475 2440 698 2492 Ossianis
725 2459 909 2491 nomen
935 2442 1027 2492 sub
1053 2442 1212 2493 sidera
1237 2443 1395 2493 mistis
1574 2447 1676 2497 545

261 2535 602 2600 Carminibus,
629 2556 898 2607 cursusque
923 2539 1059 2601 levis,
1084 2539 1342 2608 telumque
1367 2557 1641 2590 coruscum,

263 2632 420 2701 Saepe
446 2651 535 2699 ego
560 2632 741 2683 bellavi
762 2653 777 2692 ;
814 2633 926 2682 felix
954 2634 1162 2683 victoria
1187 2634 1326 2683 cessit

968 2743 997 2778 R
