1936 3203
191 281 288 315 ΗΒ.
318 282 365 314 v.
551 281 665 314 SIVE
691 282 943 315 HIBERNIA
971 282 1244 316 LIBERATA.
1501 265 1600 318 175

260 454 360 505 His
375 457 533 506 tribus
549 466 798 506 extructus
814 456 908 505 fuit
926 457 1022 517 hic,
1042 475 1122 505 rex
1140 455 1413 518 Morvenis‚
1432 476 1595 523 agger:

186 549 297 600 Hos
322 553 452 601 inter
475 554 690 620 positum
715 551 948 601 Roenam
973 570 1072 600 non
1098 570 1252 619 parva
1276 560 1507 620 sequetur

187 644 378 709 Gloria,
403 665 490 715 per
514 665 829 715 summosque
855 647 1015 696 ferent
1038 666 1170 696 nova
1193 648 1376 713 gaudia
1396 657 1602 698 montes.

238 741 354 792 Hoc
368 744 523 808 igitur
536 743 733 792 tumulo
754 751 1029 810 compostus
1050 742 1227 792 Roena
1242 744 1476 811 quiescat,
1498 746 1604 796 320

186 837 296 888 Rex
321 840 486 908 inquit
510 837 745 904 PhingaL
772 838 964 906 placida
988 848 1102 887 tum
1126 857 1244 888 voce
1270 840 1486 888 locutus:

184 933 424 1004 Namque
448 953 582 984 meas
608 936 788 984 horum
814 934 987 984 crebro
1013 937 1117 984 laus
1141 936 1339 1003 impulit
1375 953 1528 984 aures.

182 1028 306 1079 Huc
330 1029 524 1091 Orlam,
543 1030 770 1097 juvenes,
796 1030 999 1097 pallenti
1024 1029 1198 1079 funere
1222 1048 1458 1093 mersum,

183 1124 388 1176 Ducite.
448 1124 569 1175 Non
588 1126 784 1174 tumulo
800 1125 903 1173 sine
919 1142 1162 1192 compare,
1185 1123 1377 1188 Roena⁷
1390 1127 1599 1194 jacebis;

184 1219 271 1270 En
297 1220 430 1270 subit
454 1220 579 1270 Orla
602 1220 710 1269 tibi.
769 1219 1141 1286 Lacrymarum
1156 1219 1371 1272 fiumina
1386 1222 1602 1272 fundant

179 1314 501 1366 Morvenides
525 1324 740 1366 moestae
758 1336 771 1375 3
810 1316 1031 1384 squalore
1055 1316 1306 1365 recondite
1329 1318 1530 1367 vultum

180 1409 470 1460 LothaideS.
547 1411 687 1460 Sicut
712 1411 917 1460 convexi
941 1411 1144 1460 tramite
1170 1412 1298 1461 collis

179 1505 390 1556 Vimina
413 1506 707 1574 pubescunt,
732 1507 901 1556 heroes
927 1524 1128 1574 corpora
1151 1506 1358 1556 firmant
1377 1529 1390 1567 ·,

180 1600 557 1664 Absumuntur‚
582 1602 675 1663 uti,
702 1609 883 1650 stratae
908 1600 1000 1649 sub
1025 1600 1234 1650 vallibus
1260 1602 1388 1663 imis,

181 1694 418 1762 Ingentes
444 1715 668 1766 quercus,
694 1697 837 1765 pleno
863 1714 982 1765 quas
1009 1697 1190 1764 proluit
1216 1699 1375 1746 amnis
1495 1701 1600 1750 330

180 1791 416 1842 Flumine
438 1802 757 1854 transversas,
785 1801 1043 1860 aestusque
1070 1811 1125 1842 ac
1148 1793 1358 1843 flamina
1381 1796 1580 1845 siccant.

179 1889 365 1948 Quales
391 1889 445 1937 hi
469 1889 657 1937 fuerint
684 1888 786 1937 acie
810 1889 924 1937 satis
951 1890 1136 1957 aspicis⁷
1162 1889 1349 1950 Oscar3

180 1981 421 2051 Bellaque
446 1985 486 2032 si
511 2001 725 2046 moveas,
752 1984 933 2033 horum
958 1993 1009 2033 te
1034 1984 1170 2034 fama
1196 1988 1422 2053 perennis

179 2076 381 2127 Excitet
400 2100 412 2137 3
451 2079 586 2128 haud
612 2097 746 2129 secus
774 2098 830 2129 ac
853 2075 1086 2129 Roenam
1101 2088 1151 2129 te
1171 2082 1394 2130 carmina
1413 2082 1595 2132 dicant.

177 2172 337 2222 Totus
362 2174 677 2223 inhorrueras
695 2174 838 2236 bello,
859 2176 930 2224 mi
945 2174 1153 2234 Roena3
1193 2176 1476 2244 domoque*
1494 2179 1595 2233 335

180 2266 404 2317 Blandus
430 2287 535 2318 eras
561 2271 687 2331 visu,
715 2271 871 2338 qualis
896 2271 976 2318 vel
996 2270 1211 2319 roscidus
1239 2289 1395 2332 arcus,

177 2363 284 2422 Qui
307 2365 475 2432 procul
501 2364 705 2414 adversa
729 2366 877 2415 saltus
902 2367 1102 2432 regione
1126 2366 1334 2429 renidet,

179 2457 316 2508 Cum
341 2477 490 2528 prope
515 2461 817 2510 culminibus
843 2461 1021 2511 Morae
1048 2462 1129 2511 Sol
1155 2463 1385 2512 conditur
1412 2466 1535 2529 altis,

178 2553 466 2623 Lustraque
491 2573 751 2606 cervorum
777 2558 920 2622 longe
944 2558 1142 2628 lateque
1166 2558 1410 2609 silescunt.

788 2722 811 2746 ἕ
840 2721 952 2766 Nota,
972 2722 1022 2759 G.

904 2802 931 2833 Y
