1936 3203
259 252 361 304 190
795 269 1132 316 PmNGALEis,
1492 270 1590 303 LIB.
1619 270 1690 304 vr.

264 442 505 495 Centenis
530 446 651 495 olim
676 462 869 513 pugnas
895 447 1051 495 iniere
1077 445 1303 495 catervis.

263 538 410 589 Haec
436 550 644 590 venator
669 541 827 590 iners:
869 559 956 591 nos
983 543 1120 591 fama
1145 541 1373 591 manebit
1397 541 1451 590 in
1479 558 1677 590 aevum.

336 635 480 686 Tum
505 636 715 685 contra*
744 635 991 703 Phingal:
1033 656 1171 688 nunc
1195 656 1333 687 nunc
1357 655 1444 687 nos
1484 636 1707 686 maxima

267 731 462 794 Gloria,
479 750 562 781 rex
578 733 758 800 pelagi,
775 734 918 782 tollit.
969 733 1079 783 Ceu
1100 735 1295 783 somnia
1314 734 1487 796 noctis,
1524 731 1708 796 [laudis

268 825 468 877 Ibimus
493 828 614 877 hinc
638 828 798 895 pulsi3
838 836 1028 897 strepor
1053 830 1214 878 omnis
1240 838 1290 877 et
1316 847 1458 878 arma
1491 827 1710 877 silebunt

271 921 462 973 Nostra
478 923 694 991 jubente
714 924 794 973 die
812 944 826 983 ς
865 943 957 973 nec
977 926 1077 993 qua
1096 925 1273 974 tellure
1288 941 1579 994 premamur
1607 922 1711 974 ,⁶206

273 1017 510 1087 Depositi
534 1027 719 1082 noscet,
747 1037 895 1069 cursu
921 1021 1008 1088 qui
1033 1019 1180 1068 devia
1205 1020 1396 1069 lustrat.

275 1111 390 1163 Nec
414 1114 638 1162 multum
663 1122 736 1163 est
761 1114 898 1163 fama
923 1087 1132 1163 vblitare
1157 1132 1244 1182 per
1269 1131 1356 1162 ora
1380 1113 1607 1161 virorum

273 1208 520 1274 Nomina,
547 1211 710 1279 quum
732 1212 931 1260 tumulo
955 1218 1157 1278 torpent
1183 1210 1246 1259 ad
1272 1211 1420 1259 fortia
1445 1209 1661 1259 dextrae.

276 1306 510 1356 Ossianes
536 1315 691 1356 cantu
718 1306 983 1375 Carrilque
1005 1304 1252 1374 Ullinque
1276 1306 1513 1368 valentes,
1614 1307 1720 1357 210

279 1404 420 1452 Ante
444 1403 606 1451 oculos
632 1402 772 1452 vobis
797 1402 1027 1470 sublapsa
1051 1400 1327 1450 recluditur
1354 1410 1518 1461 aetas3

279 1496 666 1565 Defunctosque
691 1496 779 1546 diu
804 1514 1027 1565 proceres
1052 1513 1332 1545 memorare
1358 1496 1574 1563 potestis.

280 1591 584 1642 Praeteritos
608 1600 839 1641 revocate
865 1590 998 1651 dies3
1038 1590 1170 1640 hanc
1196 1591 1352 1640 fallite
1376 1599 1577 1640 noctem

285 1686 640 1736 Carminibus:
681 1695 1011 1755 properetque
1036 1686 1237 1735 utinam
1263 1686 1505 1735 laetabilis
1532 1684 1650 1735 Eos.

356 1783 605 1833 Fudimus
620 1801 704 1833 ore
719 1783 875 1833 melos
895 1804 907 1842 3
943 1782 1076 1831 facili
1092 1783 1367 1831 certamine
1393 1790 1599 1831 centum
1617 1783 1718 1833 215

288 1878 477 1927 Dulces
503 1881 807 1928 consonuere
832 1880 985 1945 lyrae,
1012 1879 1281 1946 vultusque
1306 1878 1487 1927 reluxit

289 1974 542 2037 Suarenis,
569 1982 644 2036 ut,
671 1975 815 2022 victis
842 1974 903 2023 de
929 1983 1073 2023 nocte
1098 1992 1184 2042 per
1209 1973 1432 2024 AEthera
1457 1991 1706 2039 magnum

290 2068 549 2132 Nubibus,
577 2071 827 2138 extemplo
853 2070 1076 2120 nitidum
1102 2069 1259 2119 Luna
1285 2070 1496 2137 explicat
1521 2069 1710 2119 orbem.

361 2164 574 2216 Talibus
599 2165 717 2215 inde
742 2168 870 2216 sonis
895 2168 1198 2233 longaevum
1227 2164 1422 2214 Carrila
1447 2164 1668 2231 Phingal

291 2263 600 2331 Alloquitur,
626 2281 796 2312 secum
814 2262 1121 2313 Cuchullina
1141 2270 1310 2311 mente
1326 2262 1596 2331 revolvens.
1621 2265 1727 2314 ⁶220

295 2358 482 2425 Heus-1·
509 2359 598 2408 ubi
626 2359 852 2409 Semonis
879 2368 1044 2422 natus,
1071 2359 1153 2408 cui
1179 2357 1368 2407 roscida
1393 2358 1545 2406 servit

295 2454 509 2505 Insula?
585 2454 674 2505 Da
698 2456 949 2525 nunquid,
976 2456 1171 2523 lapsum
1186 2455 1325 2503 velut
1339 2453 1559 2503 AEthere
1578 2453 1727 2515 sidus,

299 2550 550 2601 Conditur
577 2550 640 2600 ad
665 2550 865 2601 Turam
891 2551 1067 2600 validis
1093 2551 1193 2602 dux
1219 2552 1437 2618 inclytus
1464 2550 1652 2599 armis?

813 2693 962 2735 *Nom
992 2693 1040 2729 G.
1144 2695 1168 2739 †
1201 2693 1252 2728 H.
