1936 3203
538 634 704 671 LIBRI
750 633 1009 671 SECUNDI
1057 631 1485 670 ARGUMENTUM.

302 979 480 1016 Diversus
495 976 646 1028 paulum
675 977 699 1014 α’
729 977 814 1020 suis,
827 975 1017 1027 procubuit
1039 973 1204 1011 Connal:
1236 986 1423 1024 somnoque
1439 974 1589 1018 deditus,
1616 973 1722 1018 videt,

345 1052 464 1103 primo
494 1053 586 1089 caesi
596 1051 751 1102 praelio,
788 1051 955 1089 Umbram
993 1049 1172 1100 Crugalis,
1203 1063 1294 1100 quae
1317 1050 1452 1087 cladem
1473 1050 1722 1088 Hibernorum

344 1127 583 1177 praenunciat
600 1131 784 1177 ingentem.
812 1126 961 1163 Excitus
975 1125 1016 1162 id
1030 1125 1097 1161 visi
1113 1131 1257 1161 enarrat
1277 1124 1482 1162 Cucleullini
1495 1142 1510 1169 ;
1541 1126 1723 1176 ipsumque

351 1202 514 1239 hortatur
531 1208 569 1239 ut
586 1202 710 1239 bellum
731 1215 807 1239 cum
825 1204 982 1239 Suarene
999 1207 1194 1251 componat.
1247 1200 1319 1237 Nil
1340 1200 1404 1237 hoc
1427 1201 1614 1238 Cucliullin
1648 1201 1722 1238 viso

351 1282 519 1320 movetur,
530 1277 662 1325 fizmae
672 1276 956 1320 studiosissimus,
976 1281 1020 1320 et,
1036 1289 1122 1325 quas
1136 1275 1244 1311 multo
1258 1288 1360 1312 mane
1365 1282 1609 1326 proposuerat
1626 1276 1721 1312 Sua-

351 1364 427 1395 ren,
446 1350 654 1400 indignatus
666 1354 769 1401 pacis
785 1350 1015 1387 conditiones.
1042 1349 1129 1386 Jam
1141 1363 1304 1400 pugnam
1328 1349 1451 1386 Carril
1468 1350 1627 1386 accendit
1643 1362 1720 1385 car—

351 1425 456 1461 mine.
507 1424 633 1461 Dubio
651 1425 848 1462 decertatur
870 1425 1004 1468 Marte,
1023 1424 1143 1468 donec,
1158 1424 1195 1460 in
1193 1427 1332 1475 sugam
1351 1438 1514 1461 converso
1538 1423 1721 1468 Grumale,

355 1498 444 1534 cedit
463 1511 505 1534 ex
530 1499 605 1535 acie
625 1499 868 1536 Hibernorum
883 1503 1064 1537 exercitus.
1119 1501 1270 1536 Suorum
1300 1505 1426 1536 curant
1454 1504 1625 1548 receptum
1649 1499 1721 1534 Cu-

351 1572 487 1610 chullin
521 1573 739 1622 Connalque.
793 1573 983 1623 Fugientes
1010 1573 1048 1609 in
1078 1573 1230 1610 vicinum
1258 1573 1377 1611 collem
1403 1572 1543 1610 deducit
1587 1572 1721 1609 Carril.

354 1646 549 1697 Plaingalis
575 1645 790 1697 conspicitur
815 1646 935 1682 classis
948 1662 963 1689 ;
1001 1659 1137 1696 noxque
1165 1648 1378 1698 supervenit.
1435 1646 1592 1683 Tristior
1607 1659 1649 1682 ea:
1666 1646 1721 1682 in-

340 1722 469 1769 fausto
486 1721 674 1758 certamine
692 1720 879 1757 Cucliullin
898 1721 1037 1757 Ferdae
1060 1721 1210 1766 caedem,
1241 1723 1309 1760 sibi
1325 1721 1613 1773 conjunctissimi,
1632 1727 1665 1757 et
1696 1722 1720 1759 ἁ

352 1794 508 1843 sepaulo
523 1795 605 1831 ante
623 1795 776 1839 mactati,
796 1795 945 1839 incusat,
965 1801 1003 1831 ut
1020 1800 1115 1832 tanti
1130 1809 1270 1832 causam
1289 1796 1398 1833 exitii.
1449 1795 1507 1832 Ne
1517 1801 1647 1839 autem,
1659 1795 1722 1844 qui

353 1868 494 1905 dilectos
511 1868 588 1913 sibi,
604 1868 788 1918 utcunque,
802 1869 1046 1913 trucidassent,
1061 1882 1176 1906 omnes
1187 1870 1264 1906 ideo
1279 1869 1427 1906 adversa
1446 1870 1498 1906 uti
1516 1876 1608 1906 sorte
1625 1870 1720 1907 vidc-

354 1949 473 1987 antur‚
497 1943 650 1980 Comalis
662 1949 695 1980 et
710 1943 885 1981 Galvinae
897 1943 1078 1980 historiam
1087 1947 1228 1996 profert
1246 1946 1283 1982 in
1302 1945 1452 1982 medium
1472 1945 1609 1982 Carril.
