1936 3203
1015 251 1048 301 6

323 429 473 492 Quod
496 438 664 480 autem
679 428 766 478 diu
781 428 1100 495 multumque
1116 426 1279 476 fuerat
1311 435 1555 496 optatum,
1576 429 1729 498 quod-

324 558 421 608 que
445 556 607 588 unum
632 537 693 587 ad
719 544 939 586 exortam
964 535 1025 584 de
1062 534 1270 585 Ossiane
1302 535 1581 603 pacandam
1618 554 1732 587 con-

322 647 615 696 troversiam
652 644 868 694 maxime
912 641 1209 710 pertinebat,
1249 640 1486 691 effectum
1526 642 1733 692 tandem

324 752 588 822 aliquando
606 752 717 813 fuit,
739 748 1112 799 sollicitantibus
1131 749 1249 798 viris
1270 749 1562 812 clarissimis,
1579 750 1733 818 inpri-

322 862 515 928 misque
538 858 572 909 J
575 877 734 908 oanne
759 857 1123 923 Macgregorio,
1163 857 1344 925 equite,
1379 857 1517 924 cujus
1543 866 1614 906 est
1638 858 1733 906 im-

321 968 529 1019 mortale
554 966 715 1016 decus,
791 964 1016 1015 Londini
1040 980 1259 1032 namque
1283 963 1572 1030 prodierunt
1591 965 1643 1014 in
1660 966 1734 1014 lu-

324 1094 449 1139 cem,
477 1091 606 1124 anno
631 1071 697 1122 R.
727 1072 776 1122 S.
808 1073 961 1133 1807,
988 1072 1197 1138 ipsamet
1223 1069 1446 1133 Gaelica,
1489 1072 1591 1120 sive
1622 1070 1735 1121 Cel-

322 1184 423 1232 tica
459 1187 705 1249 poemata,
733 1195 850 1227 cum
875 1176 1067 1227 Latina
1092 1176 1403 1242 singularum
1439 1194 1622 1226 vocum
1660 1178 1737 1226 in-

322 1288 705 1356 terpretatione3
746 1283 1039 1352 additaeque
1069 1283 1273 1333 fuerunt
1312 1283 1407 1332 hae
1445 1283 1735 1352 disputatio-

322 1413 423 1457 nes,
450 1393 587 1462 queis
612 1409 759 1441 omne
783 1391 1053 1453 sublatum,
1091 1391 1170 1440 vel
1195 1391 1484 1454 minimum,
1523 1391 1583 1440 de
1607 1394 1734 1442 vatis

324 1500 584 1551 Caledonii
609 1507 856 1548 vetustate
872 1498 1087 1548 dubium
1106 1499 1351 1550 videatur.
1408 1500 1555 1560 Quae
1580 1499 1735 1550 fusius

320 1627 407 1678 per
444 1608 668 1676 primum
691 1606 1000 1673 tertiumque
1023 1606 1154 1655 tanti
1178 1607 1333 1674 operis
1352 1607 1611 1655 volumina
1629 1615 1736 1657 tam

320 1715 484 1766 lucido
509 1714 815 1763 disseruntur
831 1711 1018 1773 ordine,
1043 1721 1151 1762 tam
1175 1714 1304 1762 mira
1322 1712 1546 1762 doctrina
1570 1712 1736 1762 dicen-

323 1823 473 1892 dique
497 1821 686 1883 robore,
724 1821 777 1869 in
802 1836 908 1868 rem
934 1835 1199 1884 congeram
1241 1836 1439 1878 meam3
1480 1837 1535 1868 ac
1570 1821 1736 1887 postea

323 1930 581 1982 ostendam
605 1929 787 1979 nullius
813 1945 910 1977 esse
930 1926 1190 1988 momenti,
1217 1942 1343 1994 quae
1370 1924 1432 1975 ab
1449 1925 1735 1976 adversariis

325 2037 646 2105 objiciuntur.

395 2249 448 2299 Si
474 2250 581 2318 quis
605 2246 860 2299 AEneiden
885 2247 994 2309 sibi,
1022 2246 1166 2296 aliive
1190 2262 1326 2296 nunc
1354 2245 1606 2297 vindicare
1631 2248 1731 2297 vel-

321 2359 403 2420 let,
428 2364 559 2406 totus
584 2356 876 2406 reclamaret
899 2354 1027 2404 orbis
1042 2361 1306 2415 terrarum,
1334 2355 1535 2422 quaqua
1555 2363 1733 2406 notum

322 2473 394 2512 est
417 2463 581 2515 nobile
623 2463 716 2512 hoc
752 2468 961 2531 poema3
999 2461 1312 2530 hominisque
1355 2463 1474 2511 novi
1497 2464 1732 2513 insanum

320 2578 583 2621 testaretur
610 2586 802 2620 ausum.
877 2566 990 2619 Nec
1027 2569 1162 2618 secus
1201 2568 1474 2618 reclamant
1497 2570 1728 2638 plurima,

322 2693 476 2745 eaque
496 2677 801 2743 gravissima,
817 2694 902 2745 per
926 2693 1096 2728 omnes
1114 2675 1413 2729 Caledoniae
1427 2676 1564 2739 fineS,
1580 2678 1729 2729 vehe-
