1936 3203
605 262 763 298 NoTAE
803 263 859 298 IN
898 262 998 297 ΜΒ.
1028 259 1109 295 iv,
1487 246 1593 298 <219

289 739 558 794 NOTAE
596 739 683 793 IN
722 740 1036 794 LIBRUM
1075 739 1483 803 QUARTUM.

862 1027 911 1066 A.

264 1116 492 1165 Quoniam,
530 1130 641 1170 quae
674 1116 799 1155 fortia
830 1124 1016 1169 gesserat
1054 1114 1133 1154 hoc
1173 1114 1406 1154 Hiberniae
1445 1114 1558 1154 bello

191 1197 500 1235 amantissimus
524 1195 735 1235 Malvinae
758 1196 904 1243 Oscar,
926 1209 1038 1234 nunc
1061 1194 1322 1234 recensenda
1343 1203 1453 1243 sunt,
1478 1208 1556 1247 op-

199 1272 296 1312 time
317 1287 368 1313 ea
388 1282 517 1313 totam
540 1287 627 1314 rem
651 1273 797 1313 audire
817 1273 1003 1327 fingitur.
1063 1273 1171 1311 Cum
1195 1280 1336 1312 autem
1365 1272 1559 1312 advenis-

187 1359 263 1400 set,
280 1361 516 1392 narraturus
537 1363 626 1392 erat
648 1353 847 1392 Ossianes
868 1352 1111 1405 apparuisse
1132 1350 1211 1391 sibi
1241 1350 1424 1391 dilectae
1447 1352 1554 1390 Um-

193 1429 306 1468 bram
322 1430 596 1485 Everallynis,
613 1439 852 1470 monentem
871 1439 917 1469 ut
930 1429 1184 1483 periclitanti
1201 1429 1440 1468 subveniret
1456 1429 1555 1468 filio.

194 1506 332 1545 Altius
353 1507 450 1547 hinc
474 1507 636 1548 orditur
657 1509 796 1562 poeta,
818 1521 996 1561 suosque
1019 1507 1131 1546 canit
1150 1521 1325 1556 amores,
1359 1508 1556 1546 commis-

190 1600 362 1639 samque
385 1602 481 1626 cum
504 1587 670 1627 aemulo
693 1587 900 1627 Cormace
928 1601 1115 1642 pugnam
1136 1601 1146 1625 ε
1180 1595 1304 1640 atque
1325 1587 1422 1627 ided
1447 1602 1552 1641 pau-

183 1665 269 1704 lum
292 1665 457 1720 digredi
485 1666 665 1707 videtur.

843 1819 891 1856 B.

239 1908 447 1946 Senectae
468 1906 621 1947 damna
642 1908 822 1961 saepius,
846 1917 890 1947 ut
910 1907 993 1957 hie,
1015 1922 1110 1948 cum
1125 1907 1350 1962 juventute
1378 1911 1451 1949 sua
1468 1909 1554 1949 for-

181 1986 295 2039 tique
317 1999 418 2025 aevo
443 1996 659 2040 comparat
682 1988 895 2027 Ossianes.
958 1988 1068 2026 Hinc
1101 1985 1193 2040 ejus
1217 1988 1378 2028 olorina
1399 2002 1550 2041 quere-

182 2066 333 2114 monia,
353 2069 434 2118 qua
457 2075 677 2120 tantopere
699 2081 926 2108 movemur.

838 2217 886 2256 C.

230 2305 293 2344 Ad
314 2320 400 2345 rem
425 2309 644 2348 revertitur
665 2322 779 2348 suam
803 2314 940 2361 potita.

861 2460 915 2499 D.

231 2546 454 2599 Sapienter
475 2548 597 2604 fingit
616 2550 814 2590 Ossianes
836 2558 998 2603 patrem
1021 2550 1243 2590 secessisse
1266 2551 1370 2600 acie,
1404 2559 1543 2591 tumu-

177 2624 347 2678 lumque
368 2628 638 2681 occupavisse
660 2644 667 2667 :
699 2642 881 2682 namque
904 2629 1152 2671 revertentis
1172 2631 1305 2684 magis
1325 2630 1544 2685 magisque
