1936 3203
291 268 392 318 100
823 288 1153 336 PHINGALEIS,
1526 292 1625 327 ΜΒ.
1653 294 1710 328 11.

285 458 515 525 Eminet,
541 471 599 512 ut
624 464 763 512 miris
789 463 962 514 orbem
987 466 1153 514 velata
1177 463 1393 514 tenebris

284 553 460 620 Luna,
498 559 710 627 superba
735 577 868 609 soror
892 563 1163 623 stellarum,
1190 560 1320 609 cedit
1347 560 1411 611 ab
1435 569 1564 624 ortu,

285 651 628 723 Sollicitatque
654 655 795 704 novis
816 657 1048 706 mortalia
1071 664 1271 724 pectora
1291 657 1434 706 curis.

280 747 400 797 Hac
427 749 633 799 Sifadda
659 750 810 814 ferox,
836 751 948 800 illac
972 751 1266 802 Dusronnal
1293 754 1509 815 anhelat,

278 842 599 912 Exsuperans
627 847 811 895 acclive
835 848 1021 897 solum:
1050 866 1173 897 nam
1197 847 1458 898 Lochlinis
1478 857 1664 915 urgent

276 941 521 1006 Agmina,
548 960 639 991 ceu
663 942 849 992 fluctus
874 943 1108 993 balenam
1133 946 1260 1013 pone
1277 955 1567 1014 sequuntur.
1597 947 1704 999 296

344 1033 601 1102 Erigenae
624 1037 845 1103 Cromla,
872 1041 1053 1089 celsam
1076 1041 1279 1089 tollente
1304 1040 1396 1090 sub
1423 1042 1652 1091 aethram

275 1130 532 1195 Culmina,
548 1153 597 1185 se
612 1135 819 1185 sistunt:
847 1136 1073 1186 referunt
1091 1155 1270 1186 nemus
1290 1136 1489 1203 ignibus
1509 1146 1699 1200 ustum,

273 1226 413 1286 Quos
438 1231 595 1279 noctis
620 1231 786 1294 turbo,
812 1232 1083 1283 bacchatus
1109 1232 1313 1283 collibus
1341 1234 1466 1296 altis,

270 1321 459 1390 Sparsit
470 1333 630 1386 atrox3
646 1345 746 1376 non
755 1327 866 1394 jam
880 1329 1108 1396 zephyris
1123 1328 1433 1377 motantibus
1448 1329 1578 1378 ullae
1593 1330 1699 1380 500

268 1417 438 1468 Dulce
462 1430 641 1471 sonant
666 1423 861 1473 frondes
883 1444 897 1484 3
923 1442 1024 1473 non
1042 1424 1155 1491 jam
1179 1423 1271 1473 sub
1296 1424 1500 1473 luminis
1528 1442 1672 1474 auras

269 1513 383 1563 Sese
408 1516 682 1583 subjiciunt
706 1519 851 1568 rami.
914 1518 1014 1568 Vix
1039 1537 1186 1582 unus,
1213 1528 1262 1568 et
1287 1520 1410 1568 alter

268 1609 410 1661 Hinc
437 1620 587 1681 atque
612 1614 746 1678 hinc,
773 1615 990 1664 immani
1015 1615 1210 1664 dissitus
1236 1615 1515 1676 intervallo,

268 1706 504 1772 Assurgit
530 1708 695 1776 stipes,
721 1708 1034 1778 fiammaque
1059 1710 1295 1775 nigrescit
1321 1708 1508 1758 adesus.

265 1797 388 1849 Dux
416 1801 736 1852 Semoniades
755 1805 957 1873 patulae
981 1804 1073 1853 sub
1097 1805 1322 1870 tegmine
1342 1804 1549 1872 quercfis
1587 1804 1690 1855 505

268 1893 531 1956 Conticet3
566 1907 715 1966 atque
739 1900 821 1948 olli
845 1899 1068 1949 fundunt
1092 1918 1223 1965 vaga
1246 1900 1457 1949 flamina
1482 1900 1687 1949 crinem.

336 1988 577 2056 Phyttilis
598 1992 683 2040 hic
709 2000 881 2042 autem
896 2001 1095 2058 gnatus,
1122 1994 1201 2041 vir
1226 1992 1450 2042 cursibus
1478 2011 1604 2055 acer,

260 2083 472 2135 Postubi
496 2095 813 2155 prospectum
836 2087 987 2136 maris
1012 2088 1351 2155 exploraverat
1371 2105 1591 2150 omnem,

262 2182 449 2247 Affuit,
478 2204 534 2234 ac
558 2186 700 2236 dictis
726 2188 893 2236 coram
917 2205 1050 2236 nova
1075 2186 1259 2253 gaudia
1283 2188 1475 2237 miscet.

265 2278 462 2344 Classis,
472 2282 502 2312 *
512 2283 559 2331 io
568 2282 748 2332 classis!
762 2283 1095 2352 Phingalque,
1106 2284 1402 2352 asperrimus
1410 2285 1566 2348 herOS,
1578 2286 1684 2337 510

261 2378 489 2443 Agmina
513 2380 566 2428 in
593 2398 733 2430 arma
751 2398 948 2444 vocans,
970 2389 1019 2430 et
1038 2387 1178 2430 scuta
1193 2381 1417 2446 ingentia
1433 2381 1683 2447 frangens,

262 2473 517 2525 Advenit:
546 2476 795 2528 Albineae
819 2476 1024 2527 findunt
1049 2476 1181 2527 vada
1206 2477 1402 2526 caerula
1425 2496 1609 2538 naves3

833 2643 857 2667 ὖ
885 2641 986 2678 Nota
1005 2642 1052 2677 O.
