1936 3203
938 252 1010 301 40

260 446 348 497 per
372 429 548 479 nubila
575 437 834 496 vagatum,
875 447 1026 498 quem
1051 429 1133 477 vix
1175 429 1358 491 animo,
1398 429 1483 477 vix
1521 427 1682 489 corde,

263 539 347 587 vix
371 540 521 588 oculis
547 539 904 607 prosequimur.
980 537 1120 587 Talis
1146 546 1217 586 est
1241 535 1444 602 Virgilii
1468 533 1678 596 AEneas,

266 665 434 715 quem,
460 648 499 696 si
524 646 821 715 quandoque
861 646 1183 708 admiremur,
1209 663 1475 714 nunquam
1518 645 1682 711 diligi-

266 771 393 804 mus.
468 752 577 803 Hic
613 772 728 819 ergo
772 753 914 802 cedat
939 753 1240 804 Caledoniae
1265 753 1513 813 Graecia3
1551 752 1694 802 cedat

267 859 432 909 Italia.
507 860 573 910 In
599 879 685 910 suo
709 861 931 930 principe
955 861 1270 929 procudendo
1296 862 1442 911 heroe
1467 862 1508 910 it
1532 861 1689 909 victor

267 985 420 1016 ovans
446 967 693 1017 Ossianes.

341 1180 394 1230 It
418 1182 532 1231 felix
559 1191 607 1232 et
632 1183 840 1251 eloquio,
865 1199 951 1231 seu
975 1181 1216 1230 dictione:
1259 1180 1443 1250 absque
1470 1180 1695 1246 ambagi-

270 1287 363 1339 bus
387 1291 441 1339 in
465 1291 653 1340 medias
691 1291 972 1359 prorumpit
1005 1308 1079 1339 res
1116 1308 1243 1352 suas,
1282 1289 1420 1339 haud
1459 1290 1595 1338 secus
1641 1307 1697 1338 ac

270 1407 437 1447 notas:
478 1400 641 1467 plures
666 1399 872 1461 omittit,
899 1416 1019 1467 quas
1044 1399 1345 1447 immisceret
1372 1398 1493 1446 alius
1517 1417 1530 1456 3
1571 1414 1698 1464 quae

272 1507 431 1570 magis
475 1508 777 1573 prominent,
825 1506 946 1554 solas
994 1506 1319 1573 persequitur,
1407 1503 1586 1552 Tacite
1630 1504 1699 1552 la-

273 1612 464 1663 buntur
488 1622 745 1682 tempora3
784 1614 933 1682 idque
958 1614 1214 1662 sentimus.
1290 1610 1469 1661 Novus
1513 1611 1702 1659 etenim

274 1722 361 1771 dat
385 1741 484 1771 sese
510 1722 913 1791 conspiciendum
940 1729 1160 1789 aspectus
1186 1720 1379 1769 mundi.
1457 1718 1538 1768 Sic
1581 1736 1701 1787 quo-

277 1847 373 1897 que
398 1829 646 1890 Ossianes,
673 1847 826 1897 quam
858 1836 1058 1888 tractat,
1097 1826 1285 1875 defixus
1323 1827 1546 1887 materie,
1590 1843 1701 1893 par-

278 1956 363 1987 cus
402 1946 473 1986 est
515 1937 817 1996 verborum3
869 1935 1114 2003 rebusque
1152 1935 1265 2001 ipsis
1307 1932 1702 2001 procedentibus,

280 2064 371 2095 ceu
397 2064 563 2107 curru,
589 2045 896 2113 provehitur.
971 2041 1037 2092 In
1063 2042 1144 2090 illo
1169 2042 1339 2109 itaque
1358 2040 1702 2091 desiderantur

280 2156 513 2204 orationis
539 2154 871 2222 copulationes
895 2152 1080 2212 variae,
1118 2149 1531 2217 transitionesque
1570 2150 1702 2198 artis.

285 2265 360 2313 At
384 2263 556 2312 ordine
581 2279 807 2331 quaeque
831 2279 918 2310 suo
961 2277 1035 2308 res
1076 2257 1139 2307 ab
1182 2258 1283 2325 ipso
1326 2264 1703 2324 proponuntur3

281 2371 487 2439 hasque,
512 2389 561 2419 se
585 2370 679 2419 rite
723 2369 1034 2437 excipientes,
1073 2364 1255 2414 mentis
1294 2363 1397 2411 acie
1441 2364 1704 2412 cernimus.

286 2478 430 2528 Hinc
453 2478 711 2528 Ossiannis
735 2477 990 2546 eloquium
1014 2473 1364 2524 brevissimum
1389 2489 1580 2540 semper
1619 2479 1706 2532 est,

288 2587 505 2635 maxime
532 2594 703 2635 autem
740 2586 793 2634 in
830 2582 1034 2633 funestis
1072 2577 1368 2647 exponendis
1407 2576 1597 2627 casibus
1623 2575 1710 2625 ab-
