1936 3203
859 304 919 353 51

178 500 393 551 quorum
419 484 512 532 alia
532 483 738 550 majora,
781 484 876 532 alia
901 484 1096 532 minora
1121 492 1268 543 sunt3
1308 484 1481 552 hisque
1506 484 1601 533 im-

179 599 403 640 moratur
427 608 537 650 vox,
564 590 714 639 variis
740 591 817 640 uti
841 589 1152 640 stationibus.

279 731 423 767 Tantae
441 731 548 767 molis
567 738 647 767 erat
667 732 874 768 Romanam
894 732 1056 768 condere
1074 739 1225 781 gentem
1241 734 1249 768 l

277 806 351 842 Vix
372 818 392 842 e
412 813 619 855 conspectu
639 806 789 842 Siculae
808 806 951 843 telluris
970 807 1006 842 in
1025 807 1141 844 altum

276 879 370 916 Vela
389 880 527 916 dabant
546 880 647 924 laeti,
669 888 707 916 et
725 893 874 929 spumas
893 881 978 917 salis
997 893 1082 917 aere
1101 881 1273 923 ruebant,

275 955 372 991 Cum
390 956 504 999 Juno,
524 963 716 992 aeternum
735 957 970 992 servanssub
987 963 1140 1004 pectore
1157 955 1304 996 vulnus,

277 1028 387 1064 Haec
405 1041 546 1064 secum.
601 1029 718 1065 Mene
737 1029 887 1078 incepto
907 1029 1087 1065 desistere
1106 1029 1255 1071 vietam,

274 1103 358 1139 Nec
376 1116 484 1152 posse
503 1103 612 1140 Italici
632 1104 872 1140 Teucronum
891 1112 1060 1140 avertere
1078 1115 1205 1151 regem
1219 1103 1236 1136 P

273 1178 422 1227 Quippe
443 1187 547 1215 vetor
565 1179 661 1215 fatis.
1335 1178 1424 1213 AEN.
1446 1177 1490 1213 L.
1514 1181 1545 1214 1.

243 1303 392 1362 Quae
418 1305 515 1353 suis
540 1312 659 1353 sunt
692 1303 804 1353 locis
840 1303 1060 1369 longiora
1099 1302 1358 1364 vocabula,
1385 1303 1597 1370 optimas

173 1410 407 1460 adferunt
433 1429 673 1473 caesuras,
700 1428 957 1470 morasve3
996 1412 1289 1479 praesertim
1308 1411 1348 1460 si
1372 1410 1597 1479 spondeis

173 1519 456 1570 abundent:
499 1520 630 1589 quod
664 1538 722 1569 ex
761 1520 837 1570 his
864 1519 1067 1586 Virgilii
1091 1519 1314 1569 versibus
1354 1520 1595 1568 continuo

171 1627 484 1694 percipimus.

270 1766 479 1803 Luctantes
499 1775 640 1811 ventos,
664 1775 979 1817 tempestatesque
999 1778 1165 1802 sonoras.
1332 1766 1423 1801 AEN.
1443 1765 1487 1801 L.
1512 1769 1543 1801 1.

269 1839 382 1876 Dona
400 1841 637 1889 recognoscit
658 1841 894 1889 populorum,
915 1847 1094 1889 aptatque
1112 1838 1280 1887 superbis

270 1926 457 1963 Postibus.
1334 1924 1424 1960 AEN.
1445 1924 1488 1961 L.
1508 1929 1542 1961 8.

239 2049 385 2100 Binis
410 2070 511 2102 non
537 2053 811 2119 incongrue
838 2050 1150 2101 concluditur
1166 2066 1334 2099 versus
1350 2049 1589 2117 spondeis,

170 2158 258 2208 ubi
283 2177 357 2208 res
383 2159 671 2225 magnifica,
715 2160 795 2208 vel
834 2157 1076 2224 lugubriS,
1115 2166 1434 2225 stuporemve
1459 2158 1589 2207 ciens

168 2266 325 2316 animi
351 2266 662 2317 decantatur.

268 2409 391 2446 Chara
409 2409 537 2446 Deum
551 2408 712 2452 soboles,
732 2421 908 2458 magnum
927 2408 1032 2446 Jovis
1047 2407 1330 2443 incrementum.
1386 2406 1482 2442 EcL.
1500 2408 1536 2442 4·

239 2534 321 2584 Sic
345 2535 500 2584 etiam
525 2534 587 2584 de
610 2535 795 2585 noctua
820 2532 1018 2583 dicebat
1043 2530 1179 2581 idem
1204 2529 1462 2596 Virgilius,

262 2665 382 2706 Quae,
403 2662 591 2711 quondam
612 2664 649 2698 in
668 2663 786 2700 bustis
806 2675 850 2699 ac
876 2661 1099 2698 culminibus
1118 2659 1287 2701 desertis,

262 2735 387 2772 Nocte
404 2734 550 2777 sedens,
570 2746 693 2771 serum
709 2734 809 2772 canit
825 2733 1036 2782 importuna
1053 2744 1119 2782 per
1135 2730 1441 2768 umbras.-AEx.
1459 2731 1505 2767 L.
1529 2734 1586 2780 12⁴l
