1936 3203
287 267 394 318 224
754 278 912 314 NOTAE
951 276 1006 314 m
1051 277 1230 312 L15.v1

419 688 691 745 NOTAE
727 686 819 740 IN
857 686 1172 740 LIBRUM
1211 687 1557 749 SEXTUM.

366 997 493 1043 Quod
516 995 655 1050 pingit
677 994 891 1042 Ossianes‚
926 991 1043 1031 valde
1064 992 1220 1046 pingit,
1251 993 1340 1033 sive
1376 993 1417 1032 id
1454 993 1678 1047 lugubrius

305 1082 370 1129 sit,
392 1080 477 1119 sive
496 1076 648 1117 laetius
667 1090 677 1124 ;
698 1074 966 1126 lectoresque
982 1085 1080 1111 suos
1098 1072 1137 1111 in
1162 1086 1207 1111 se
1225 1073 1353 1126 rapit,
1373 1072 1564 1126 adeoque
1586 1088 1676 1113 mo-

301 1170 384 1210 vet,
404 1169 463 1207 ut,
486 1154 691 1210 quidquid
712 1153 804 1207 ipse
825 1152 965 1201 sentit,
992 1152 1086 1190 imis
1109 1151 1150 1191 id
1170 1151 1429 1206 praecordiis
1450 1153 1645 1192 sentiant.

971 1291 1020 1330 Β.

354 1384 695 1439 Phingalidarum
711 1393 837 1436 potus
852 1381 1078 1421 admodum
1095 1397 1246 1435 parcus
1263 1383 1391 1422 fuisse
1408 1383 1680 1424 describitur:

304 1478 490 1511 mentem
513 1463 757 1512 serenabat3
788 1472 957 1501 cantum
987 1472 1028 1500 et
1061 1462 1204 1501 nobile
1238 1463 1377 1501 ciebat
1414 1463 1683 1517 colloquium.

304 1553 400 1590 Non
421 1548 568 1586 horum
591 1541 754 1597 poculis
776 1541 943 1581 misceri
967 1555 1175 1582 venenum
1218 1541 1419 1594 puerulus
1441 1542 1686 1584 credidisset

309 1628 463 1683 Cyrus.

971 1768 1020 1807 C.

365 1864 485 1904 Sicut
501 1860 718 1914 Phingalis
740 1868 783 1899 et
804 1858 1086 1912 Agandaecae
1122 1859 1360 1912 episodium
1393 1860 1490 1901 huic
1512 1861 1690 1901 feliciter

311 1938 608 1985 concludendo
629 1938 809 1991 poemati
831 1936 1091 1989 aptissimum
1114 1946 1213 1984 erat,
1234 1937 1292 1975 sic
1311 1937 1434 1976 etiam
1452 1938 1690 1979 Trenmoris

310 2034 351 2065 et
372 2021 625 2062 Innibaccae
644 2016 793 2057 eodem
812 2014 948 2054 tendit
966 2030 975 2063 ;
1006 2014 1190 2067 ideoque
1213 2015 1471 2055 decantatur.

976 2162 1029 2201 D.

367 2257 556 2301 Ossianis
578 2269 723 2296 omnes
739 2254 778 2292 vi
797 2252 960 2306 pollent
977 2252 1196 2305 orationes,
1212 2252 1431 2305 nitentque
1446 2261 1664 2294 venustate
1680 2268 1690 2302 ;

312 2343 417 2384 haec
439 2347 577 2379 autem
598 2335 726 2388 longe
744 2342 807 2372 est
828 2331 1119 2385 pulcherrima·
1167 2331 1425 2370 Domandus
1456 2340 1542 2372 erat
1572 2342 1689 2372 atrox

315 2417 509 2460 Suarenis
529 2415 720 2461 animus;
752 2419 1019 2465 quatuorque
1041 2409 1222 2449 maxime
1247 2409 1478 2459 obstabant,
1498 2419 1689 2450 mutuum

314 2498 574 2540 caledonum
597 2503 724 2548 atque
750 2489 1091 2531 Loclilinidarum
1114 2489 1271 2537 odium,
1295 2489 1505 2543 Pliingalis
1526 2499 1569 2529 et
1589 2490 1691 2542 ipsi-

315 2587 451 2620 usmet
470 2575 662 2618 Suarenis
683 2570 946 2619 inimicitiae,
983 2568 1106 2622 liujus
1129 2568 1273 2625 devicti
1305 2568 1454 2621 pudor,
1491 2568 1694 2608 studium-
