1936 3203
298 264 398 313 148
831 277 1159 323 PHINGALEIS,
1507 278 1604 311 ΠΒ.
1634 279 1701 311 1v.

300 455 550 522 Corripit3
590 455 832 502 instamus
855 432 1093 521 tergoque
1118 453 1325 520 necique
1350 453 1575 501 volantis.

297 550 538 619 Namque
562 549 854 598 resultantes
879 549 1005 597 sicut
1029 548 1090 597 de
1115 549 1333 597 culmine
1358 548 1487 597 collis
1607 551 1711 600 250

297 646 599 714 Praecipites
626 651 856 692 resonant
880 643 1079 711 lapides,
1105 644 1361 693 validaeve
1387 662 1575 692 secures

299 740 599 803 Quercubus
638 738 942 788 incumbunt
994 740 1340 808 gemitumque
1383 739 1475 789 sub
1515 740 1716 789 aethera

433 837 645 904 jactant,

299 932 705 999 Terrificumque
729 930 868 978 velut
894 930 1165 978 comitante
1190 931 1382 997 fragore
1406 941 1637 1000 peragrat

301 1028 481 1080 Ardua
500 1036 750 1075 terrarum
774 1024 982 1085 tonitru,
1009 1025 1353 1089 geminaverat
1378 1027 1503 1075 ictus
1609 1029 1710 1078 255

301 1123 589 1176 Lethiferos
614 1120 788 1181 Oscar,
815 1121 1106 1188 genitorque
1131 1121 1268 1170 haud
1294 1121 1523 1170 mollibus
1551 1123 1713 1171 armis.

373 1221 470 1270 Ast
496 1217 614 1267 alibi
640 1215 865 1278 Gollum,
892 1217 1060 1283 clypeo
1085 1217 1292 1285 telisque
1315 1218 1578 1279 nitentem,

307 1314 539 1364 Circuitu
567 1312 760 1361 Suaren
786 1311 957 1378 rapido
983 1311 1255 1379 dextraque
1281 1311 1557 1379 premebat,

304 1410 497 1461 Pontus
521 1416 580 1456 ut
604 1404 896 1466 OroadicuS,
921 1405 1036 1452 totis
1061 1404 1151 1453 ubi
1175 1405 1344 1453 refluit
1372 1414 1507 1454 actus

301 1503 509 1555 Viribus
534 1501 721 1561 oceani,
747 1516 847 1547 sese
871 1497 964 1547 sub
988 1499 1154 1547 littora
1180 1499 1361 1548 fundit.

303 1601 405 1651 Vix
430 1617 478 1648 se
503 1594 767 1655 continuit,
793 1593 877 1641 vix
901 1610 1002 1641 non
1028 1600 1077 1640 et
1101 1593 1299 1641 sustulit
1324 1594 1521 1643 hastam
1618 1595 1722 1647 260

305 1696 589 1748 Arboream
614 1706 816 1755 surgens
842 1687 1062 1752 Phingal
1085 1708 1098 1747 3
1137 1706 1377 1757 vocesque
1401 1690 1720 1757 profundens,

306 1791 495 1857 Ocyus,
520 1786 682 1847 Ullin,
710 1785 795 1845 ait,
821 1783 1075 1831 monitum
1098 1790 1235 1833 trans
1263 1802 1476 1852 aequora
1501 1786 1664 1853 campi

306 1887 404 1938 Fer
428 1892 686 1938 nostrum3
726 1878 889 1940 Gollo,
914 1879 1022 1926 telis
1047 1896 1174 1946 quae
1200 1880 1347 1928 fortia
1371 1882 1533 1945 gessit,

309 1983 660 2045 Bellantesque
684 1983 862 2043 patreS,
889 1974 1082 2041 lapsum
1108 1993 1227 2042 quos
1255 1974 1458 2025 abstulit
1485 1995 1682 2038 aevum,

306 2079 409 2129 Fac
428 2089 671 2125 memores
690 2092 702 2130 3
729 2078 980 2137 cantuque
999 2070 1128 2119 viros
1154 2089 1444 2139 pugnasque
1461 2073 1599 2121 ciet0.
1619 2074 1719 2125 265

379 2168 541 2221 Haud
565 2183 721 2227 mora,
748 2163 1058 2230 grandaevus
1083 2164 1194 2230 figit
1219 2166 1427 2230 vestigia
1453 2174 1605 2228 vates,

309 2263 737 2334 Magnanimique
762 2260 899 2309 ducis
926 2260 992 2308 sic
1018 2268 1089 2308 est
1111 2259 1289 2310 affatus
1317 2260 1378 2309 ad
1405 2279 1578 2310 aurem
1600 2283 1608 2310 :

308 2364 537 2417 Maxime
562 2356 846 2417 Morniade,
872 2363 1199 2423 spumantum
1223 2355 1397 2405 ductor
1429 2374 1687 2424 equorum,

308 2460 541 2513 Turbine
567 2455 654 2523 qui
672 2461 869 2521 torques
894 2451 1107 2513 hastam,
1134 2451 1456 2520 gladiumque
1482 2470 1703 2502 coruscas

311 2553 623 2608 Horribilem
648 2551 775 2611 visu,
802 2547 914 2596 fatis
941 2547 1154 2611 agitatus
1176 2547 1356 2614 iniquis
1620 2548 1724 2602 270

314 2652 478 2706 Altior
506 2646 714 2710 assurgis
740 2644 913 2704 victor,
940 2642 1195 2711 majorque
1220 2642 1415 2704 videris,
