1936 3203
251 269 349 302 Lm.
376 268 447 303 lv.
608 269 722 303 SIVE
760 266 1014 301 rlxssERNIA
1052 267 1321 301 LIBERATA
1563 257 1662 312 147
1730 259 1740 268 '

205 451 209 457 ⁴
249 440 423 499 Quam
446 438 540 488 tibi
562 456 698 488 nunc
729 437 983 500 mandem,
1024 440 1262 507 quoniam
1298 458 1412 490 mea
1454 443 1666 495 candida

246 533 463 598 Occidit,
479 534 733 600 egregium
749 534 904 601 proles
921 532 1187 602 Evirallyn
1210 554 1434 600 avorum,
1463 539 1665 607 [conjux

243 629 418 690 Quam
441 630 616 696 genuit
640 627 850 678 Branno
873 632 1144 698 praestanti
1169 631 1341 682 robore
1365 641 1415 682 et
1441 636 1605 685 armis.

315 725 462 775 Talia
486 741 574 794 per
596 723 800 775 Lenam
823 743 910 775 nos
936 727 1066 776 inter
1091 727 1224 777 dicta
1249 728 1508 794 dabamus,

246 820 384 871 Cum
408 839 502 871 vox
526 822 772 890 increpuit
798 821 951 885 Golli,
978 823 1115 871 velut
1138 841 1286 873 omne
1310 828 1530 892 remugit

243 916 476 967 Turbine
487 926 757 966 ventorum
772 918 989 986 pelagus.
1029 917 1064 968 J
1068 937 1151 968 am
1165 921 1363 970 sustulit
1378 940 1547 972 ensem
1563 925 1667 976 ,⁶250

244 1011 465 1062 Bellator
488 1033 501 1072 ;
540 1013 796 1081 plagisque
820 1014 1029 1081 necique
1056 1015 1359 1065 accurrimus
1384 1035 1571 1081 omnes,

243 1106 455 1158 AEstuat
478 1116 536 1158 ut
561 1108 699 1158 rabie
723 1118 1022 1178 spumatque
1045 1118 1308 1179 tumetque
1332 1130 1534 1164 sonorus

242 1201 436 1253 Oceani
459 1203 659 1267 fluctus,
684 1204 953 1274 reboatque
978 1206 1133 1255 elatus
1157 1206 1210 1255 in
1238 1188 1427 1266 altum3

241 1297 471 1366 Atraque
496 1316 587 1347 ceu
611 1316 772 1366 rupes,
800 1298 938 1366 cujus
963 1298 1056 1348 sub
1080 1300 1266 1349 vertice
1293 1319 1451 1369 aquae
1475 1304 1548 1352 vis

241 1389 470 1453 Exultat,
496 1399 657 1441 certus
683 1410 784 1442 non
811 1392 998 1455 cedere,
1024 1395 1204 1443 restitit
1229 1395 1411 1456 hostis3

238 1485 433 1554 Virque
458 1486 580 1548 viro,
606 1486 905 1556 chalybique
929 1488 1132 1554 chalybs
1157 1507 1206 1537 se
1230 1490 1432 1540 miscuit
1459 1493 1647 1544 ardens.
1708 1522 1710 1524 ·

244 1579 355 1629 Ceu
380 1589 584 1630 centum
609 1590 914 1646 centumque
938 1584 1040 1631 una
1065 1600 1114 1631 se
1139 1582 1345 1634 brachia
1369 1588 1566 1651 tollunt,

244 1673 595 1743 Exercentque
621 1694 741 1725 cavo
768 1677 959 1725 ferrum
984 1677 1183 1726 fornace
1207 1689 1475 1744 recoctum,

243 1770 407 1819 Arma
430 1771 737 1820 insurrexere
762 1773 926 1834 armis,
952 1773 1315 1843 strepitumque
1339 1776 1598 1830 dederunt.

312 1863 432 1914 Ibat
452 1863 758 1928 Morniades,
786 1868 942 1935 qualis
967 1869 1070 1917 ruit
1094 1868 1336 1920 Ardvene
1354 1873 1534 1935 turb03
1563 1878 1667 1929 240

244 1960 619 2030 Spargebatque
644 1981 820 2012 necem
845 1963 1035 2029 gladio:
1076 1974 1295 2017 vastator
1319 1977 1377 2019 ut
1400 1972 1546 2037 ignis,

242 2056 495 2107 Gormalis
520 2059 572 2108 in
599 2059 725 2108 clivo
750 2078 1046 2129 summoque
1072 2065 1333 2114 cacumine
1356 2066 1590 2133 flagrans,

242 2148 474 2218 AEquora
498 2169 585 2219 per
611 2153 774 2220 campi
799 2171 972 2203 saevus
999 2171 1051 2204 se
1077 2155 1269 2207 Suaren
1297 2160 1491 2224 agebat.

242 2245 384 2304 Quid
410 2245 526 2295 ferri
551 2264 827 2297 memorem
850 2249 1057 2316 plagas?
1095 2252 1216 2319 quid
1242 2255 1464 2304 carmine
1488 2257 1654 2310 dicam

241 2338 480 2390 Funera?
520 2341 756 2393 Sublatus
780 2345 942 2412 tepuit
957 2345 1085 2395 mihi
1105 2349 1348 2413 sanguine
1367 2368 1540 2403 mucro
1562 2357 1665 2409 245

241 2433 534 2486 Fulmineus
552 2457 566 2497 3
592 2445 909 2509 stragemque
924 2440 1092 2504 dabaS,
1109 2460 1222 2492 mea
1240 2446 1463 2497 maxima
1480 2452 1663 2517 proles;

244 2538 655 2612 Gaudebamque
681 2545 930 2614 equidem,
957 2549 1076 2598 cum
1100 2557 1151 2599 te
1174 2559 1250 2601 tot
1274 2553 1383 2604 dira
1406 2557 1643 2612 videbam

241 2634 468 2688 Vulnera
484 2638 748 2705 jactavisse
772 2661 945 2695 manu.
1023 2645 1086 2696 Se
1111 2650 1314 2700 territus
1338 2651 1489 2705 hostis
