1936 3203
864 275 929 324 25

186 453 345 504 bonus
362 452 580 519 agnoscit
596 449 845 516 Laingius
863 471 877 510 3
906 469 962 499 ac
980 450 1124 518 plura
1139 451 1167 498 a
1182 457 1348 499 nostro
1364 458 1480 498 vate
1499 468 1602 501 me-

185 568 379 609 morata
404 559 550 620 facta,
591 556 893 626 quibusdam
930 556 1135 606 exilibus
1173 557 1455 626 nulliusque
1497 575 1604 607 mo-

187 665 345 714 menti
369 661 692 725 carminibUS‚
718 662 914 712 dudum
954 671 1102 732 atque
1141 662 1264 713 adeo
1294 682 1381 732 per
1414 662 1604 714 Hiber-

184 771 325 821 niam
371 771 516 833 notis,
566 770 876 819 circumferri
924 770 1124 820 fatetur.
1199 770 1282 820 Ex
1321 771 1396 820 his
1433 778 1604 820 autem

184 878 309 940 vult,
329 885 575 946 tanquam
592 878 864 940 elementis,
882 885 1086 927 consuta
1111 878 1259 927 fuisse
1279 879 1307 926 a
1333 877 1603 947 Maepher-

183 1000 299 1032 sono
325 1001 451 1051 quae
476 1001 562 1032 nos
593 982 795 1032 Ossiani
834 985 1058 1033 carmina
1096 985 1425 1035 vindicamus.
1501 985 1604 1035 Ve-

183 1091 316 1152 rum,
342 1089 748 1158 quandoquidem
764 1091 857 1140 hoc
881 1092 1033 1157 gratis
1059 1091 1257 1154 dicitur,
1275 1092 1392 1159 jure
1416 1093 1604 1160 optimo

183 1206 410 1263 negatur.
486 1198 661 1257 Quam
685 1199 848 1247 multa
872 1216 930 1246 ex
954 1196 1182 1247 Homero
1207 1207 1256 1247 et
1281 1197 1496 1265 Virgilio
1521 1199 1606 1248 de-

183 1311 399 1371 sumpta,
426 1312 756 1372 centonesque
781 1304 930 1367 dicta,
956 1304 1228 1354 novimus?
1286 1306 1415 1365 Quis
1430 1314 1602 1355 tamen

182 1427 239 1458 ex
264 1410 340 1458 his
365 1410 418 1458 in
442 1427 606 1459 unum
631 1411 887 1476 congestis,
925 1411 1158 1480 prodiisse
1183 1411 1362 1461 dixerit
1387 1411 1605 1463 Homeri

184 1525 271 1566 aut
296 1515 508 1578 Iliaden,
537 1525 624 1566 aut
649 1516 906 1567 AEneiden
932 1517 1178 1584 Virgilii?
1253 1520 1381 1578 Quis
1406 1538 1506 1568 non
1528 1521 1605 1569 vi-

183 1622 282 1684 det,
299 1622 361 1671 ob
378 1623 575 1671 facilem
591 1625 616 1670 ἐ
636 1622 909 1671 Caledonia
923 1624 976 1671 in
993 1622 1301 1672 Hiberniam
1317 1624 1601 1691 trajectum,

184 1739 333 1798 atque
369 1729 485 1778 inde
525 1731 920 1778 commeantium
957 1731 1355 1794 multitudinem,
1396 1732 1467 1780 fas
1494 1732 1603 1800 qui-

181 1835 395 1886 busdam
420 1835 567 1885 fuisse
591 1834 801 1884 rudibus
826 1834 1087 1898 Hibernis,
1110 1836 1383 1906 eodemque
1399 1838 1499 1887 fere
1515 1857 1605 1890 no-

181 1944 375 1993 biscum
399 1942 656 1992 utentibus
682 1943 889 2010 eloquiO,
915 1944 1156 1993 nonnulla
1179 1946 1339 1994 nostri
1354 1946 1481 1995 vatis
1506 1946 1603 1996 dis-

182 2068 289 2100 cere
314 2051 554 2112 carmina,
581 2068 738 2118 eaque
761 2058 1060 2118 pervertere,
1087 2059 1160 2115 ut,
1186 2070 1274 2120 pro
1290 2070 1358 2116 re,
1374 2053 1602 2102 diversis-

181 2158 315 2207 simis
335 2158 455 2206 nata
479 2156 804 2224 temporibus,
830 2157 990 2224 prisca
1005 2158 1265 2208 miscentes
1281 2161 1439 2222 novis,
1466 2179 1603 2210 sacra

183 2264 410 2332 profanis,
455 2263 608 2329 digna
632 2262 866 2329 indigniS‚
893 2282 1002 2314 suos
1029 2266 1380 2334 quoquomodo
1405 2268 1603 2318 laudar—

181 2371 305 2420 ent?
380 2370 557 2421 Potuit
582 2389 639 2420 ex
655 2371 829 2421 eodem
854 2372 991 2422 fonte
1016 2373 1124 2442 quis
1143 2375 1370 2423 nostrum
1386 2377 1601 2425 nonnul-

181 2480 228 2528 la
252 2478 305 2526 in
330 2495 438 2528 rem
461 2478 687 2529 derivare
712 2497 870 2530 suam.

251 2692 448 2743 Perstat
488 2693 650 2744 adhuc
695 2695 1019 2758 adversariuS‚
1068 2695 1421 2766 contenditque
1469 2699 1600 2748 hisce
