<?xml version="1.0" encoding="UTF-8"?>
<!DOCTYPE html PUBLIC "-//W3C//DTD XHTML 1.0 Transitional//EN"
    "http://www.w3.org/TR/xhtml1/DTD/xhtml1-transitional.dtd">
<html xmlns="http://www.w3.org/1999/xhtml" xml:lang="en" lang="en">
 <head>
  <title>
</title>
<meta http-equiv="Content-Type" content="text/html;charset=utf-8" />
  <meta name='ocr-system' content='tesseract 3.04.00' />
  <meta name='ocr-capabilities' content='ocr_page ocr_carea ocr_par ocr_line ocrx_word'/>
</head>
<body>
  <div class='ocr_page' id='page_1' title='image "./phingalssivehibe00macp_0218.png"; bbox 0 0 1936 3203; ppageno 0'>
   <div class='ocr_carea' id='block_1_1' title="bbox 293 243 1244 294">
    <p class='ocr_par' dir='ltr' id='par_1_1' title="bbox 293 243 1244 294">
     <span class='ocr_line' id='line_1_1' title="bbox 293 243 1244 294; baseline -0.006 0"><span class='ocrx_word' id='word_1_1' title='bbox 293 243 400 294; x_wconf 70' lang='lat'>214</span> <span class='ocrx_word' id='word_1_2' title='bbox 776 256 930 293; x_wconf 77' lang='lat' dir='ltr'>NoTAE</span> <span class='ocrx_word' id='word_1_3' title='bbox 956 255 1008 291; x_wconf 83' lang='lat' dir='ltr'>IN</span> <span class='ocrx_word' id='word_1_4' title='bbox 1038 255 1137 290; x_wconf 72' lang='lat' dir='ltr'>Lm.</span> <span class='ocrx_word' id='word_1_5' title='bbox 1167 254 1244 289; x_wconf 79' lang='lat'>111.</span> 
     </span>
    </p>
   </div>
   <div class='ocr_carea' id='block_1_2' title="bbox 405 754 1542 811">
    <p class='ocr_par' dir='ltr' id='par_1_2' title="bbox 405 754 1542 811">
     <span class='ocr_line' id='line_1_2' title="bbox 405 754 1542 811; baseline 0.002 -5"><span class='ocrx_word' id='word_1_6' title='bbox 405 754 643 809; x_wconf 83' lang='lat' dir='ltr'>NOTAE</span> <span class='ocrx_word' id='word_1_7' title='bbox 680 756 767 809; x_wconf 93' lang='lat' dir='ltr'>IN</span> <span class='ocrx_word' id='word_1_8' title='bbox 806 756 1119 810; x_wconf 90' lang='lat' dir='ltr'>LIBRUM</span> <span class='ocrx_word' id='word_1_9' title='bbox 1157 755 1542 811; x_wconf 89' lang='lat' dir='ltr'><strong>TERTIUM.</strong></span> 
     </span>
    </p>
   </div>
   <div class='ocr_carea' id='block_1_3' title="bbox 946 974 996 1012">
    <p class='ocr_par' dir='ltr' id='par_1_3' title="bbox 946 974 996 1012">
     <span class='ocr_line' id='line_1_3' title="bbox 946 974 996 1012; baseline 0.04 -2"><span class='ocrx_word' id='word_1_10' title='bbox 946 974 996 1012; x_wconf 89' lang='lat' dir='ltr'>A.</span> 
     </span>
    </p>
   </div>
   <div class='ocr_carea' id='block_1_4' title="bbox 285 1061 1656 1434">
    <p class='ocr_par' dir='ltr' id='par_1_4' title="bbox 285 1061 1656 1434">
     <span class='ocr_line' id='line_1_4' title="bbox 342 1061 1656 1117; baseline -0.002 -15"><span class='ocrx_word' id='word_1_11' title='bbox 342 1064 416 1103; x_wconf 87' lang='lat' dir='ltr'>Est</span> <span class='ocrx_word' id='word_1_12' title='bbox 437 1065 545 1102; x_wconf 83' lang='lat' dir='ltr'>Lora</span> <span class='ocrx_word' id='word_1_13' title='bbox 565 1063 680 1102; x_wconf 66' lang='lat' dir='ltr'>sinus</span> <span class='ocrx_word' id='word_1_14' title='bbox 712 1063 832 1103; x_wconf 83' lang='lat' dir='ltr'>Etive</span> <span class='ocrx_word' id='word_1_15' title='bbox 865 1077 960 1117; x_wconf 85' lang='lat' dir='ltr'>pars</span> <span class='ocrx_word' id='word_1_16' title='bbox 994 1064 1325 1113; x_wconf 84' lang='lat' dir='ltr'>torrentissima3</span> <span class='ocrx_word' id='word_1_17' title='bbox 1356 1063 1557 1116; x_wconf 84' lang='lat' dir='ltr'><strong>sinusque</strong></span> <span class='ocrx_word' id='word_1_18' title='bbox 1590 1061 1656 1101; x_wconf 88' lang='lat' dir='ltr'>hic</span> 
     </span>
     <span class='ocr_line' id='line_1_5' title="bbox 286 1141 1656 1198; baseline -0.001 -17"><span class='ocrx_word' id='word_1_19' title='bbox 286 1142 336 1182; x_wconf 85' lang='lat' dir='ltr'>ad</span> <span class='ocrx_word' id='word_1_20' title='bbox 363 1143 529 1182; x_wconf 82' lang='lat' dir='ltr'>Scotiae</span> <span class='ocrx_word' id='word_1_21' title='bbox 551 1156 748 1182; x_wconf 86' lang='lat' dir='ltr'>occasum</span> <span class='ocrx_word' id='word_1_22' title='bbox 767 1156 843 1196; x_wconf 90' lang='lat' dir='ltr'>per</span> <span class='ocrx_word' id='word_1_23' title='bbox 866 1144 1046 1183; x_wconf 83' lang='lat' dir='ltr'>Lornam</span> <span class='ocrx_word' id='word_1_24' title='bbox 1067 1144 1345 1198; x_wconf 87' lang='lat' dir='ltr'>superiorem,</span> <span class='ocrx_word' id='word_1_25' title='bbox 1380 1141 1656 1197; x_wconf 83' lang='lat' dir='ltr'>Argatheliae</span> 
     </span>
     <span class='ocr_line' id='line_1_6' title="bbox 285 1219 1656 1277; baseline -0.001 -17"><span class='ocrx_word' id='word_1_26' title='bbox 285 1220 471 1275; x_wconf 81' lang='lat' dir='ltr'>plagam,</span> <span class='ocrx_word' id='word_1_27' title='bbox 491 1220 715 1261; x_wconf 79' lang='lat' dir='ltr'>diducitur.</span> <span class='ocrx_word' id='word_1_28' title='bbox 774 1221 859 1261; x_wconf 89' lang='lat' dir='ltr'>Sub</span> <span class='ocrx_word' id='word_1_29' title='bbox 882 1221 1075 1262; x_wconf 88' lang='lat' dir='ltr'>faucibus</span> <span class='ocrx_word' id='word_1_30' title='bbox 1111 1222 1328 1277; x_wconf 83' lang='lat' dir='ltr'>angustior</span> <span class='ocrx_word' id='word_1_31' title='bbox 1358 1230 1436 1269; x_wconf 89' lang='lat' dir='ltr'>est,</span> <span class='ocrx_word' id='word_1_32' title='bbox 1469 1219 1656 1274; x_wconf 82' lang='lat' dir='ltr'>ingenti-</span> 
     </span>
     <span class='ocr_line' id='line_1_7' title="bbox 285 1300 1653 1355; baseline -0.001 -16"><span class='ocrx_word' id='word_1_33' title='bbox 285 1314 368 1354; x_wconf 87' lang='lat' dir='ltr'>que</span> <span class='ocrx_word' id='word_1_34' title='bbox 389 1300 487 1340; x_wconf 87' lang='lat' dir='ltr'>hinc</span> <span class='ocrx_word' id='word_1_35' title='bbox 509 1300 607 1340; x_wconf 65' lang='lat' dir='ltr'>indi}</span> <span class='ocrx_word' id='word_1_36' title='bbox 627 1300 824 1354; x_wconf 55' lang='lat' dir='ltr'>proteus&amp;</span> <span class='ocrx_word' id='word_1_37' title='bbox 843 1316 949 1355; x_wconf 85' lang='lat' dir='ltr'>rupe</span> <span class='ocrx_word' id='word_1_38' title='bbox 969 1311 1186 1355; x_wconf 83' lang='lat' dir='ltr'>asperatur</span> <span class='ocrx_word' id='word_1_39' title='bbox 1205 1318 1216 1352; x_wconf 83' lang='lat'>3</span> <span class='ocrx_word' id='word_1_40' title='bbox 1237 1311 1292 1351; x_wconf 85' lang='lat' dir='ltr'>et,</span> <span class='ocrx_word' id='word_1_41' title='bbox 1314 1309 1504 1340; x_wconf 83' lang='lat' dir='ltr'><strong>tumente</strong></span> <span class='ocrx_word' id='word_1_42' title='bbox 1525 1309 1653 1353; x_wconf 83' lang='lat' dir='ltr'>atque</span> 
     </span>
     <span class='ocr_line' id='line_1_8' title="bbox 288 1370 1656 1434; baseline 0 -17"><span class='ocrx_word' id='word_1_43' title='bbox 288 1370 533 1420; x_wconf 38' lang='lat' dir='ltr'>detument&#39;e</span> <span class='ocrx_word' id='word_1_44' title='bbox 555 1394 729 1430; x_wconf 83' lang='lat' dir='ltr'>oceano,</span> <span class='ocrx_word' id='word_1_45' title='bbox 755 1379 791 1433; x_wconf 90' lang='lat' dir='ltr'>ej</span> <span class='ocrx_word' id='word_1_46' title='bbox 802 1395 847 1420; x_wconf 87' lang='lat' dir='ltr'>us</span> <span class='ocrx_word' id='word_1_47' title='bbox 869 1395 1005 1434; x_wconf 86' lang='lat' dir='ltr'>aquae</span> <span class='ocrx_word' id='word_1_48' title='bbox 1027 1390 1140 1421; x_wconf 83' lang='lat' dir='ltr'>vasto</span> <span class='ocrx_word' id='word_1_49' title='bbox 1172 1396 1268 1421; x_wconf 91' lang='lat' dir='ltr'>cum</span> <span class='ocrx_word' id='word_1_50' title='bbox 1302 1381 1478 1434; x_wconf 81' lang='lat' dir='ltr'>impetu,</span> <span class='ocrx_word' id='word_1_51' title='bbox 1500 1378 1656 1418; x_wconf 86' lang='lat' dir='ltr'>sonitu-</span> 
     </span>
    </p>
   </div>
   <div class='ocr_carea' id='block_1_5' title="bbox 286 1458 1348 1514">
    <p class='ocr_par' dir='ltr' id='par_1_5' title="bbox 286 1458 1348 1514">
     <span class='ocr_line' id='line_1_9' title="bbox 286 1458 1348 1514; baseline 0 -16"><span class='ocrx_word' id='word_1_52' title='bbox 286 1471 384 1513; x_wconf 83' lang='lat' dir='ltr'>que,</span> <span class='ocrx_word' id='word_1_53' title='bbox 404 1458 531 1512; x_wconf 69' lang='lat' dir='ltr'>longe</span> <span class='ocrx_word' id='word_1_54' title='bbox 549 1458 721 1513; x_wconf 74' lang='lat' dir='ltr'>lateque</span> <span class='ocrx_word' id='word_1_55' title='bbox 737 1458 844 1509; x_wconf 85' lang='lat' dir='ltr'>fuso,</span> <span class='ocrx_word' id='word_1_56' title='bbox 865 1461 906 1499; x_wconf 90' lang='lat' dir='ltr'>in</span> <span class='ocrx_word' id='word_1_57' title='bbox 930 1473 1135 1513; x_wconf 86' lang='lat' dir='ltr'>praeceps</span> <span class='ocrx_word' id='word_1_58' title='bbox 1155 1468 1348 1514; x_wconf 82' lang='lat' dir='ltr'>aguntur.</span> 
     </span>
    </p>
   </div>
   <div class='ocr_carea' id='block_1_6' title="bbox 942 1607 990 1646">
    <p class='ocr_par' dir='ltr' id='par_1_6' title="bbox 942 1607 990 1646">
     <span class='ocr_line' id='line_1_10' title="bbox 942 1607 990 1646; baseline 0.021 -1"><span class='ocrx_word' id='word_1_59' title='bbox 942 1607 990 1646; x_wconf 94' lang='lat' dir='ltr'>B.</span> 
     </span>
    </p>
   </div>
   <div class='ocr_carea' id='block_1_7' title="bbox 282 1694 1655 1909">
    <p class='ocr_par' dir='ltr' id='par_1_7' title="bbox 282 1694 1655 1909">
     <span class='ocr_line' id='line_1_11' title="bbox 338 1694 1651 1749; baseline -0.001 -14"><span class='ocrx_word' id='word_1_60' title='bbox 338 1697 437 1735; x_wconf 84' lang='lat' dir='ltr'>Erat</span> <span class='ocrx_word' id='word_1_61' title='bbox 458 1696 591 1736; x_wconf 89' lang='lat' dir='ltr'>Lodin</span> <span class='ocrx_word' id='word_1_62' title='bbox 614 1695 916 1736; x_wconf 80' lang='lat' dir='ltr'>Scandinaviae</span> <span class='ocrx_word' id='word_1_63' title='bbox 939 1696 1070 1746; x_wconf 80' lang='lat' dir='ltr'>Deus,</span> <span class='ocrx_word' id='word_1_64' title='bbox 1090 1695 1142 1735; x_wconf 85' lang='lat' dir='ltr'>ad</span> <span class='ocrx_word' id='word_1_65' title='bbox 1164 1694 1283 1749; x_wconf 86' lang='lat' dir='ltr'>cujus</span> <span class='ocrx_word' id='word_1_66' title='bbox 1302 1694 1448 1734; x_wconf 89' lang='lat' dir='ltr'>rudem</span> <span class='ocrx_word' id='word_1_67' title='bbox 1463 1694 1651 1749; x_wconf 88' lang='lat' dir='ltr'>effigiem</span> 
     </span>
     <span class='ocr_line' id='line_1_12' title="bbox 287 1774 1655 1829; baseline -0.001 -14"><span class='ocrx_word' id='word_1_68' title='bbox 287 1790 339 1815; x_wconf 84' lang='lat' dir='ltr'>ex</span> <span class='ocrx_word' id='word_1_69' title='bbox 362 1776 503 1829; x_wconf 74' lang='lat' dir='ltr'>lapide</span> <span class='ocrx_word' id='word_1_70' title='bbox 518 1791 665 1829; x_wconf 82' lang='lat' dir='ltr'>preces</span> <span class='ocrx_word' id='word_1_71' title='bbox 684 1776 929 1817; x_wconf 77' lang='lat' dir='ltr'>effundebat</span> <span class='ocrx_word' id='word_1_72' title='bbox 945 1776 1127 1829; x_wconf 85' lang='lat' dir='ltr'>Snyven,</span> <span class='ocrx_word' id='word_1_73' title='bbox 1142 1775 1260 1829; x_wconf 85' lang='lat' dir='ltr'>quasi</span> <span class='ocrx_word' id='word_1_74' title='bbox 1278 1774 1472 1815; x_wconf 85' lang='lat' dir='ltr'>sacerdos</span> <span class='ocrx_word' id='word_1_75' title='bbox 1491 1791 1501 1824; x_wconf 90' lang='lat'>;</span> <span class='ocrx_word' id='word_1_76' title='bbox 1524 1789 1655 1814; x_wconf 90' lang='lat' dir='ltr'>unus-</span> 
     </span>
     <span class='ocr_line' id='line_1_13' title="bbox 282 1854 1647 1909; baseline -0.001 -15"><span class='ocrx_word' id='word_1_77' title='bbox 282 1868 366 1908; x_wconf 89' lang='lat' dir='ltr'>que</span> <span class='ocrx_word' id='word_1_78' title='bbox 386 1864 475 1894; x_wconf 72' lang='lat' dir='ltr'>erat</span> <span class='ocrx_word' id='word_1_79' title='bbox 496 1854 518 1893; x_wconf 77' lang='grc' dir='ltr'>ὲ</span> <span class='ocrx_word' id='word_1_80' title='bbox 552 1856 726 1905; x_wconf 77' lang='lat' dir='ltr'>Scaldis,</span> <span class='ocrx_word' id='word_1_81' title='bbox 760 1857 831 1909; x_wconf 90' lang='lat' dir='ltr'>qui</span> <span class='ocrx_word' id='word_1_82' title='bbox 866 1869 961 1894; x_wconf 89' lang='lat' dir='ltr'>suos</span> <span class='ocrx_word' id='word_1_83' title='bbox 995 1856 1104 1894; x_wconf 83' lang='lat' dir='ltr'>inter</span> <span class='ocrx_word' id='word_1_84' title='bbox 1136 1854 1368 1894; x_wconf 84' lang='lat' dir='ltr'>Bardorum</span> <span class='ocrx_word' id='word_1_85' title='bbox 1405 1854 1647 1894; x_wconf 87' lang='lat' dir='ltr'>muneribus</span> 
     </span>
    </p>
   </div>
   <div class='ocr_carea' id='block_1_8' title="bbox 282 1934 1050 1989">
    <p class='ocr_par' dir='ltr' id='par_1_8' title="bbox 282 1934 1050 1989">
     <span class='ocr_line' id='line_1_14' title="bbox 282 1934 1050 1989; baseline -0.001 -16"><span class='ocrx_word' id='word_1_86' title='bbox 282 1947 438 1986; x_wconf 80' lang='lat' dir='ltr'>magno</span> <span class='ocrx_word' id='word_1_87' title='bbox 459 1949 555 1974; x_wconf 85' lang='lat' dir='ltr'>cum</span> <span class='ocrx_word' id='word_1_88' title='bbox 573 1934 730 1976; x_wconf 86' lang='lat' dir='ltr'>honore</span> <span class='ocrx_word' id='word_1_89' title='bbox 749 1934 1050 1989; x_wconf 85' lang='lat' dir='ltr'>fungebantur.</span> 
     </span>
    </p>
   </div>
   <div class='ocr_carea' id='block_1_9' title="bbox 938 2078 985 2118">
    <p class='ocr_par' dir='ltr' id='par_1_9' title="bbox 938 2078 985 2118">
     <span class='ocr_line' id='line_1_15' title="bbox 938 2078 985 2118; baseline 0 0"><span class='ocrx_word' id='word_1_90' title='bbox 938 2078 985 2118; x_wconf 93' lang='lat' dir='ltr'>C.</span> 
     </span>
    </p>
   </div>
   <div class='ocr_carea' id='block_1_10' title="bbox 279 2169 1651 2620">
    <p class='ocr_par' dir='ltr' id='par_1_10' title="bbox 279 2169 1651 2620">
     <span class='ocr_line' id='line_1_16' title="bbox 337 2169 1650 2226; baseline -0.001 -15"><span class='ocrx_word' id='word_1_91' title='bbox 337 2171 567 2212; x_wconf 89' lang='lat' dir='ltr'>Pulchrum</span> <span class='ocrx_word' id='word_1_92' title='bbox 581 2172 659 2212; x_wconf 87' lang='lat' dir='ltr'>hoc</span> <span class='ocrx_word' id='word_1_93' title='bbox 680 2171 966 2226; x_wconf 85' lang='lat' dir='ltr'>Agandaecae</span> <span class='ocrx_word' id='word_1_94' title='bbox 983 2169 1235 2224; x_wconf 81' lang='lat' dir='ltr'>episodium,</span> <span class='ocrx_word' id='word_1_95' title='bbox 1251 2172 1303 2210; x_wconf 58' lang='lat' dir='ltr'>ef)</span> <span class='ocrx_word' id='word_1_96' title='bbox 1318 2169 1502 2210; x_wconf 64' lang='lat' dir='ltr'>maxime}</span> <span class='ocrx_word' id='word_1_97' title='bbox 1518 2171 1650 2211; x_wconf 79' lang='lat' dir='ltr'>inser-</span> 
     </span>
     <span class='ocr_line' id='line_1_17' title="bbox 282 2248 1651 2305; baseline -0.001 -14"><span class='ocrx_word' id='word_1_98' title='bbox 282 2251 354 2300; x_wconf 85' lang='lat' dir='ltr'>vit,</span> <span class='ocrx_word' id='word_1_99' title='bbox 377 2259 422 2290; x_wconf 84' lang='lat' dir='ltr'>ut</span> <span class='ocrx_word' id='word_1_100' title='bbox 441 2251 521 2290; x_wconf 77' lang='lat' dir='ltr'>rite</span> <span class='ocrx_word' id='word_1_101' title='bbox 544 2251 811 2305; x_wconf 79' lang='lat' dir='ltr'>feliciterque</span> <span class='ocrx_word' id='word_1_102' title='bbox 833 2248 1070 2304; x_wconf 69' lang='lat' dir='ltr'>Phingaleis</span> <span class='ocrx_word' id='word_1_103' title='bbox 1091 2248 1338 2291; x_wconf 81' lang='lat' dir='ltr'>absolvatur.</span> <span class='ocrx_word' id='word_1_104' title='bbox 1398 2250 1570 2293; x_wconf 74' lang='lat' dir='ltr'>Quanto</span> <span class='ocrx_word' id='word_1_105' title='bbox 1600 2251 1651 2290; x_wconf 84' lang='lat' dir='ltr'>sit</span> 
     </span>
     <span class='ocr_line' id='line_1_18' title="bbox 281 2326 1646 2383; baseline -0.001 -13"><span class='ocrx_word' id='word_1_106' title='bbox 281 2330 468 2370; x_wconf 85' lang='lat' dir='ltr'>futurum</span> <span class='ocrx_word' id='word_1_107' title='bbox 491 2331 596 2380; x_wconf 85' lang='lat' dir='ltr'>usui,</span> <span class='ocrx_word' id='word_1_108' title='bbox 618 2345 701 2370; x_wconf 89' lang='lat' dir='ltr'>non</span> <span class='ocrx_word' id='word_1_109' title='bbox 724 2330 860 2370; x_wconf 89' lang='lat' dir='ltr'>adhuc</span> <span class='ocrx_word' id='word_1_110' title='bbox 882 2328 1007 2383; x_wconf 65' lang='lat' dir='ltr'>plane</span> <span class='ocrx_word' id='word_1_111' title='bbox 1028 2328 1308 2382; x_wconf 87' lang='lat' dir='ltr'>perspicimus</span> <span class='ocrx_word' id='word_1_112' title='bbox 1327 2343 1337 2377; x_wconf 90' lang='lat'>;</span> <span class='ocrx_word' id='word_1_113' title='bbox 1368 2326 1482 2368; x_wconf 89' lang='lat' dir='ltr'>brevi</span> <span class='ocrx_word' id='word_1_114' title='bbox 1506 2336 1646 2368; x_wconf 81' lang='lat' dir='ltr'>autem</span> 
     </span>
     <span class='ocr_line' id='line_1_19' title="bbox 279 2403 1648 2466; baseline -0.001 -16"><span class='ocrx_word' id='word_1_115' title='bbox 279 2410 580 2466; x_wconf 85' lang='lat' dir='ltr'>intelligemus.</span> <span class='ocrx_word' id='word_1_116' title='bbox 645 2411 761 2450; x_wconf 90' lang='lat' dir='ltr'>Dum</span> <span class='ocrx_word' id='word_1_117' title='bbox 781 2412 923 2464; x_wconf 86' lang='lat' dir='ltr'>itaque</span> <span class='ocrx_word' id='word_1_118' title='bbox 946 2423 1061 2449; x_wconf 86' lang='lat' dir='ltr'>suam</span> <span class='ocrx_word' id='word_1_119' title='bbox 1083 2408 1261 2448; x_wconf 78' lang='lat' dir='ltr'>voluerit</span> <span class='ocrx_word' id='word_1_120' title='bbox 1295 2403 1480 2448; x_wconf 86' lang='lat' dir='ltr'>mentem</span> <span class='ocrx_word' id='word_1_121' title='bbox 1508 2409 1648 2463; x_wconf 84' lang='lat' dir='ltr'>expli-</span> 
     </span>
     <span class='ocr_line' id='line_1_20' title="bbox 281 2487 1642 2541; baseline -0.002 -11"><span class='ocrx_word' id='word_1_122' title='bbox 281 2505 376 2530; x_wconf 78' lang='lat' dir='ltr'>care</span> <span class='ocrx_word' id='word_1_123' title='bbox 412 2492 626 2540; x_wconf 84' lang='lat' dir='ltr'>Ossianes,</span> <span class='ocrx_word' id='word_1_124' title='bbox 659 2490 845 2529; x_wconf 82' lang='lat' dir='ltr'>narranti</span> <span class='ocrx_word' id='word_1_125' title='bbox 883 2488 1049 2537; x_wconf 84' lang='lat' dir='ltr'>Carrili,</span> <span class='ocrx_word' id='word_1_126' title='bbox 1087 2488 1338 2541; x_wconf 86' lang='lat' dir='ltr'>solantique,</span> <span class='ocrx_word' id='word_1_127' title='bbox 1370 2487 1457 2541; x_wconf 52' lang='lat' dir='ltr'>que}</span> <span class='ocrx_word' id='word_1_128' title='bbox 1492 2497 1642 2541; x_wconf 87' lang='lat' dir='ltr'>potest,</span> 
     </span>
     <span class='ocr_line' id='line_1_21' title="bbox 281 2566 1650 2620; baseline -0.001 -14"><span class='ocrx_word' id='word_1_129' title='bbox 281 2567 554 2618; x_wconf 68' lang='lat' dir='ltr'>Cuchullffla,</span> <span class='ocrx_word' id='word_1_130' title='bbox 577 2581 698 2608; x_wconf 81' lang='lat' dir='ltr'>aures</span> <span class='ocrx_word' id='word_1_131' title='bbox 720 2566 1007 2608; x_wconf 83' lang='lat' dir='ltr'>intendamus.</span> <span class='ocrx_word' id='word_1_132' title='bbox 1069 2567 1143 2606; x_wconf 89' lang='lat' dir='ltr'>Est</span> <span class='ocrx_word' id='word_1_133' title='bbox 1161 2572 1384 2615; x_wconf 88' lang='lat' dir='ltr'>oratorum,</span> <span class='ocrx_word' id='word_1_134' title='bbox 1406 2573 1465 2605; x_wconf 86' lang='lat' dir='ltr'>est</span> <span class='ocrx_word' id='word_1_135' title='bbox 1485 2575 1527 2606; x_wconf 87' lang='lat' dir='ltr'>et</span> <span class='ocrx_word' id='word_1_136' title='bbox 1546 2569 1650 2620; x_wconf 65' lang='lat' dir='ltr'>poi}-</span> 
     </span>
    </p>
   </div>
   <div class='ocr_carea' id='block_1_11' title="bbox 280 2645 974 2700">
    <p class='ocr_par' dir='ltr' id='par_1_11' title="bbox 280 2645 974 2700">
     <span class='ocr_line' id='line_1_22' title="bbox 280 2645 974 2700; baseline 0.004 -16"><span class='ocrx_word' id='word_1_137' title='bbox 280 2655 414 2685; x_wconf 86' lang='lat' dir='ltr'>tarum</span> <span class='ocrx_word' id='word_1_138' title='bbox 438 2647 648 2700; x_wconf 80' lang='lat' dir='ltr'>propriam</span> <span class='ocrx_word' id='word_1_139' title='bbox 670 2645 809 2688; x_wconf 85' lang='lat' dir='ltr'>celare</span> <span class='ocrx_word' id='word_1_140' title='bbox 830 2655 974 2687; x_wconf 82' lang='lat' dir='ltr'>artem.</span> 
     </span>
    </p>
   </div>
  </div>
 </body>
</html>
