1936 3203
282 272 306 320 1
318 270 386 321 84
816 282 1149 329 PHINGALEIS‚
1512 282 1612 317 mn.
1629 281 1702 318 vr.

279 461 377 511 Ast
402 459 540 510 dedit
565 459 767 509 exuvias
792 459 988 509 victrici
1012 457 1307 508 Trenmoris
1333 456 1520 519 hastae,
1637 458 1706 508 60

276 554 503 605 Vulnere
529 573 578 603 se
602 571 817 603 versans
895 552 1021 603 Tres
1047 554 1141 603 hoc
1166 552 1361 617 insigne
1386 551 1612 604 videntes

276 650 544 702 Lochlinei
569 650 762 699 facinus
787 667 1024 717 proceres,
1050 649 1217 699 dixere
1240 655 1499 716 potentem

276 746 556 798 Advenisse
581 745 768 807 virum,
794 761 1043 809 magnum
1069 744 1156 812 qui
1181 741 1437 792 montibus
1462 742 1634 808 ignem

275 844 604 909 Flagrantem
628 841 813 890 referat
838 841 1031 889 cinctus
1056 839 1368 889 radiantibus
1396 839 1562 889 armis.

345 937 520 1005 Ocyus
546 936 727 986 indixit
753 936 986 986 convivia
1010 937 1149 985 lauta
1173 944 1419 1002 tyrannus
1636 936 1703 987 65

274 1032 538 1085 Lochlinis
563 1054 576 1092 3
618 1034 909 1101 aeciturque
934 1032 1077 1081 heros
1101 1030 1377 1080 virtutibus
1405 1049 1542 1099 asper
1561 1052 1574 1091 3

272 1129 501 1198 Tresque
526 1128 628 1178 dies
655 1129 800 1178 festos
826 1146 1090 1196 procerum
1114 1127 1311 1177 nutrice
1335 1134 1619 1195 potentum,

274 1225 517 1275 Gormale
542 1243 625 1274 rex
651 1225 755 1291 egit
779 1223 1050 1287 Trenmor,
1077 1224 1355 1274 certamina
1381 1224 1599 1277 miscens

273 1323 422 1382 Quae
448 1320 600 1370 libuit
623 1342 636 1380 3
676 1338 926 1389 nemoque
952 1321 1050 1369 fuit
1074 1329 1183 1369 tam
1208 1319 1382 1369 robore
1408 1319 1601 1382 firmus,

271 1418 586 1468 Trenmoriis
607 1417 818 1466 demum
843 1416 996 1466 fessus
1022 1417 1145 1485 quin
1172 1417 1368 1465 cesserit
1393 1417 1559 1469 armis.
1636 1417 1705 1471 70

268 1513 573 1564 Mulcebant
599 1512 790 1563 animos
816 1520 1048 1580 paterae3
1087 1520 1363 1581 cantusque
1389 1512 1580 1562 ferebat

270 1607 543 1661 Laudibus
569 1609 827 1658 immensis
848 1607 1198 1657 dominantem
1225 1605 1475 1660 Morvene
1500 1624 1671 1673 regem

269 1707 411 1756 Ante
438 1706 553 1754 alios
581 1705 779 1766 fortem,
807 1703 1056 1772 fortesque
1082 1704 1134 1752 in
1162 1703 1291 1753 bella
1311 1704 1561 1770 legentem

268 1801 482 1863 Heroas,
509 1802 683 1869 pelago
709 1800 865 1850 subiit
891 1801 978 1868 qui
999 1799 1262 1850 Lochlinis
1288 1818 1443 1850 oram.

338 1898 475 1959 Post,
500 1897 591 1946 ubi
616 1904 796 1965 quarta
816 1895 918 1944 dies
944 1904 1079 1945 ortus
1105 1896 1387 1947 ostenderat
1414 1897 1583 1958 almos,
1633 1897 1698 1950 75

267 1994 474 2045 Deduei
498 1991 754 2041 Trenmor
779 1991 1028 2059 praecepit
1054 1991 1107 2040 in
1136 2009 1351 2059 aequora
1376 2010 1592 2052 navem3

266 2091 489 2158 Fertque
515 2086 767 2155 refertque
792 2085 1010 2152 gradum
1036 2103 1187 2137 curvo
1213 2086 1306 2136 sub
1332 2088 1512 2150 littore,
1544 2087 1700 2138 donee

266 2187 455 2238 Missus
481 2182 845 2251 Hyperboreus
866 2181 1067 2249 replerit
1093 2182 1297 2232 carbasa
1322 2192 1517 2233 ventus.

265 2283 487 2351 Jamque
509 2280 651 2330 audit
675 2277 852 2328 mediis
879 2279 1022 2343 longe
1050 2278 1354 2328 crebrescere
1370 2281 1518 2346 sylvis
1632 2283 1699 2332 80

263 2379 558 2439 Murmura,
586 2376 706 2425 cum
730 2375 934 2443 propere
962 2373 1171 2443 quidam
1196 2374 1413 2424 succedit
1429 2376 1651 2444 ephebus

269 2474 532 2526 Candidus
559 2481 608 2521 et
634 2471 794 2521 rutilis
821 2471 1054 2519 humeros
1081 2470 1418 2520 circumdatus
1447 2473 1611 2522 armis.

265 2572 442 2623 Aurea
469 2568 704 2618 caesaries
729 2567 811 2616 olli
836 2574 923 2628 est,
949 2566 1211 2634 malaeque
1226 2566 1529 2626 rubescunt3

265 2667 464 2731 Dextra
490 2666 663 2714 nivem
689 2681 813 2733 puro
839 2670 1039 2732 superat
1065 2664 1277 2714 candore
1298 2674 1549 2714 recentem
1573 2685 1586 2724 ς
