<?xml version="1.0" encoding="UTF-8"?>
<!DOCTYPE html PUBLIC "-//W3C//DTD XHTML 1.0 Transitional//EN"
    "http://www.w3.org/TR/xhtml1/DTD/xhtml1-transitional.dtd">
<html xmlns="http://www.w3.org/1999/xhtml" xml:lang="en" lang="en">
 <head>
  <title>
</title>
<meta http-equiv="Content-Type" content="text/html;charset=utf-8" />
  <meta name='ocr-system' content='tesseract 3.04.00' />
  <meta name='ocr-capabilities' content='ocr_page ocr_carea ocr_par ocr_line ocrx_word'/>
</head>
<body>
  <div class='ocr_page' id='page_1' title='image "./phingalssivehibe00macp_0186.png"; bbox 0 0 1936 3203; ppageno 0'>
   <div class='ocr_carea' id='block_1_1' title="bbox 248 261 1670 315">
    <p class='ocr_par' dir='ltr' id='par_1_1' title="bbox 248 261 1670 315">
     <span class='ocr_line' id='line_1_1' title="bbox 248 261 1670 315; baseline -0.007 -4"><span class='ocrx_word' id='word_1_1' title='bbox 248 261 350 311; x_wconf 66' lang='lat'><strong>182</strong></span> <span class='ocrx_word' id='word_1_2' title='bbox 835 269 1167 315; x_wconf 51' lang='lat' dir='ltr'><strong>rumesiam,</strong></span> <span class='ocrx_word' id='word_1_3' title='bbox 1472 268 1571 302; x_wconf 76' lang='lat' dir='ltr'><strong>Lm.</strong></span> <span class='ocrx_word' id='word_1_4' title='bbox 1599 268 1670 302; x_wconf 79' lang='lat' dir='ltr'><strong>vi.</strong></span> 
     </span>
    </p>
   </div>
   <div class='ocr_carea' id='block_1_2' title="bbox 247 444 1707 2536">
    <p class='ocr_par' dir='ltr' id='par_1_2' title="bbox 247 444 1674 706">
     <span class='ocr_line' id='line_1_2' title="bbox 248 444 1672 512; baseline -0.007 -12"><span class='ocrx_word' id='word_1_5' title='bbox 248 449 432 501; x_wconf 83' lang='lat' dir='ltr'><strong>Excita</strong></span> <span class='ocrx_word' id='word_1_6' title='bbox 459 449 665 499; x_wconf 85' lang='lat' dir='ltr'><strong>Cromla</strong></span> <span class='ocrx_word' id='word_1_7' title='bbox 684 446 854 496; x_wconf 84' lang='lat' dir='ltr'><strong>modos</strong></span> <span class='ocrx_word' id='word_1_8' title='bbox 879 444 1074 505; x_wconf 79' lang='lat' dir='ltr'><strong>reddit3</strong></span> <span class='ocrx_word' id='word_1_9' title='bbox 1100 445 1390 512; x_wconf 81' lang='lat' dir='ltr'>multaeque</span> <span class='ocrx_word' id='word_1_10' title='bbox 1414 460 1501 512; x_wconf 87' lang='lat' dir='ltr'><strong>per</strong></span> <span class='ocrx_word' id='word_1_11' title='bbox 1528 459 1672 491; x_wconf 82' lang='lat' dir='ltr'><strong>auras</strong></span> 
     </span>
     <span class='ocr_line' id='line_1_3' title="bbox 248 538 1674 610; baseline -0.006 -14"><span class='ocrx_word' id='word_1_12' title='bbox 248 546 595 596; x_wconf 79' lang='lat' dir='ltr'>Circumstant</span> <span class='ocrx_word' id='word_1_13' title='bbox 605 544 819 605; x_wconf 76' lang='lat' dir='ltr'><strong>animae,</strong></span> <span class='ocrx_word' id='word_1_14' title='bbox 829 560 1112 610; x_wconf 83' lang='lat' dir='ltr'><strong>pronaeque</strong></span> <span class='ocrx_word' id='word_1_15' title='bbox 1128 543 1181 590; x_wconf 90' lang='lat' dir='ltr'><strong>in</strong></span> <span class='ocrx_word' id='word_1_16' title='bbox 1198 541 1423 590; x_wconf 81' lang='lat' dir='ltr'><strong>carmina</strong></span> <span class='ocrx_word' id='word_1_17' title='bbox 1438 538 1674 608; x_wconf 89' lang='lat' dir='ltr'><strong>pendent,</strong></span> 
     </span>
     <span class='ocr_line' id='line_1_4' title="bbox 247 636 1537 706; baseline -0.006 -13"><span class='ocrx_word' id='word_1_18' title='bbox 247 641 515 693; x_wconf 82' lang='lat' dir='ltr'>Laudibus</span> <span class='ocrx_word' id='word_1_19' title='bbox 541 641 766 689; x_wconf 82' lang='lat' dir='ltr'><strong>intentae</strong></span> <span class='ocrx_word' id='word_1_20' title='bbox 791 639 998 706; x_wconf 89' lang='lat' dir='ltr'><strong>propriis</strong></span> <span class='ocrx_word' id='word_1_21' title='bbox 1025 638 1290 706; x_wconf 81' lang='lat' dir='ltr'><strong>famaeque</strong></span> <span class='ocrx_word' id='word_1_22' title='bbox 1314 636 1537 705; x_wconf 89' lang='lat' dir='ltr'><strong>perenni.</strong></span> 
     </span>
    </p>

    <p class='ocr_par' dir='ltr' id='par_1_3' title="bbox 319 732 1515 800">
     <span class='ocr_line' id='line_1_5' title="bbox 319 732 1515 800; baseline -0.007 -12"><span class='ocrx_word' id='word_1_23' title='bbox 319 738 636 798; x_wconf 77' lang='lat' dir='ltr'><strong>Pertentent‚</strong></span> <span class='ocrx_word' id='word_1_24' title='bbox 664 752 764 797; x_wconf 82' lang='lat' dir='ltr'><strong>oro,</strong></span> <span class='ocrx_word' id='word_1_25' title='bbox 791 751 957 783; x_wconf 87' lang='lat' dir='ltr'><strong>sensus</strong></span> <span class='ocrx_word' id='word_1_26' title='bbox 982 733 1080 784; x_wconf 88' lang='lat' dir='ltr'><strong>tibi</strong></span> <span class='ocrx_word' id='word_1_27' title='bbox 1104 733 1304 800; x_wconf 81' lang='lat' dir='ltr'><strong>gaudia,</strong></span> <span class='ocrx_word' id='word_1_28' title='bbox 1334 732 1515 795; x_wconf 63' lang='lat' dir='ltr'><strong>Camil,</strong></span> 
     </span>
    </p>

    <p class='ocr_par' dir='ltr' id='par_1_4' title="bbox 248 829 1707 1863">
     <span class='ocr_line' id='line_1_6' title="bbox 248 829 1675 898; baseline -0.005 -15"><span class='ocrx_word' id='word_1_29' title='bbox 248 834 356 894; x_wconf 74' lang='lat' dir='ltr'><strong>Qui</strong></span> <span class='ocrx_word' id='word_1_30' title='bbox 381 850 519 882; x_wconf 87' lang='lat' dir='ltr'><strong>nunc</strong></span> <span class='ocrx_word' id='word_1_31' title='bbox 541 830 832 881; x_wconf 83' lang='lat' dir='ltr'>turbinibus</span> <span class='ocrx_word' id='word_1_32' title='bbox 858 830 1069 892; x_wconf 85' lang='lat' dir='ltr'><strong>veheris,</strong></span> <span class='ocrx_word' id='word_1_33' title='bbox 1096 830 1344 898; x_wconf 84' lang='lat' dir='ltr'><strong>clivosque</strong></span> <span class='ocrx_word' id='word_1_34' title='bbox 1375 829 1675 897; x_wconf 78' lang='lat' dir='ltr'><strong>frequentas.</strong></span> 
     </span>
     <span class='ocr_line' id='line_1_7' title="bbox 251 924 1553 993; baseline -0.005 -14"><span class='ocrx_word' id='word_1_35' title='bbox 251 929 375 992; x_wconf 82' lang='lat' dir='ltr'><strong>Cur,</strong></span> <span class='ocrx_word' id='word_1_36' title='bbox 402 928 594 990; x_wconf 84' lang='lat' dir='ltr'><strong>dilecte,</strong></span> <span class='ocrx_word' id='word_1_37' title='bbox 621 944 790 977; x_wconf 89' lang='lat' dir='ltr'><strong>meam</strong></span> <span class='ocrx_word' id='word_1_38' title='bbox 814 926 887 976; x_wconf 90' lang='lat' dir='ltr'><strong>nil</strong></span> <span class='ocrx_word' id='word_1_39' title='bbox 903 925 1016 993; x_wconf 85' lang='lat' dir='ltr'><strong>jam</strong></span> <span class='ocrx_word' id='word_1_40' title='bbox 1040 924 1257 974; x_wconf 84' lang='lat' dir='ltr'><strong>succedis</strong></span> <span class='ocrx_word' id='word_1_41' title='bbox 1284 924 1346 974; x_wconf 86' lang='lat' dir='ltr'><strong>ad</strong></span> <span class='ocrx_word' id='word_1_42' title='bbox 1368 925 1553 986; x_wconf 78' lang='lat' dir='ltr'><strong>aulam,</strong></span> 
     </span>
     <span class='ocr_line' id='line_1_8' title="bbox 249 1021 1679 1085; baseline -0.004 -9"><span class='ocrx_word' id='word_1_43' title='bbox 249 1026 391 1076; x_wconf 86' lang='lat' dir='ltr'><strong>Solus</strong></span> <span class='ocrx_word' id='word_1_44' title='bbox 417 1026 536 1074; x_wconf 74' lang='lat' dir='ltr'><strong>cum</strong></span> <span class='ocrx_word' id='word_1_45' title='bbox 561 1024 689 1073; x_wconf 85' lang='lat' dir='ltr'><strong>duco</strong></span> <span class='ocrx_word' id='word_1_46' title='bbox 714 1022 958 1073; x_wconf 77' lang='lat' dir='ltr'><strong>noctem?</strong></span> <span class='ocrx_word' id='word_1_47' title='bbox 999 1021 1249 1085; x_wconf 78' lang='lat' dir='ltr'><strong>Sucoedis,</strong></span> <span class='ocrx_word' id='word_1_48' title='bbox 1276 1022 1467 1081; x_wconf 83' lang='lat' dir='ltr'><strong>amice3</strong></span> <span class='ocrx_word' id='word_1_49' title='bbox 1610 1023 1679 1072; x_wconf 64' lang='grc' dir='ltr'><strong>ΞΟ</strong></span> 
     </span>
     <span class='ocr_line' id='line_1_9' title="bbox 249 1119 1610 1191; baseline -0.004 -19"><span class='ocrx_word' id='word_1_50' title='bbox 249 1124 525 1191; x_wconf 78' lang='lat' dir='ltr'><strong>Quamque</strong></span> <span class='ocrx_word' id='word_1_51' title='bbox 548 1129 689 1170; x_wconf 88' lang='lat' dir='ltr'><strong>tenet</strong></span> <span class='ocrx_word' id='word_1_52' title='bbox 713 1120 871 1189; x_wconf 86' lang='lat' dir='ltr'><strong>paries</strong></span> <span class='ocrx_word' id='word_1_53' title='bbox 899 1137 1186 1188; x_wconf 83' lang='lat' dir='ltr'><strong>appensam,</strong></span> <span class='ocrx_word' id='word_1_54' title='bbox 1212 1126 1419 1185; x_wconf 84' lang='lat' dir='ltr'><strong>tangere</strong></span> <span class='ocrx_word' id='word_1_55' title='bbox 1444 1119 1610 1167; x_wconf 91' lang='lat' dir='ltr'><strong>lenem</strong></span> 
     </span>
     <span class='ocr_line' id='line_1_10' title="bbox 248 1215 1678 1285; baseline -0.005 -16"><span class='ocrx_word' id='word_1_56' title='bbox 248 1220 328 1270; x_wconf 88' lang='lat' dir='ltr'><strong>Te</strong></span> <span class='ocrx_word' id='word_1_57' title='bbox 353 1237 498 1268; x_wconf 86' lang='lat' dir='ltr'><strong>nosco</strong></span> <span class='ocrx_word' id='word_1_58' title='bbox 525 1218 790 1279; x_wconf 81' lang='lat' dir='ltr'><strong>citharam,</strong></span> <span class='ocrx_word' id='word_1_59' title='bbox 816 1233 1191 1285; x_wconf 89' lang='lat' dir='ltr'><strong>numerumque</strong></span> <span class='ocrx_word' id='word_1_60' title='bbox 1216 1216 1344 1264; x_wconf 84' lang='lat' dir='ltr'><strong>ciere</strong></span> <span class='ocrx_word' id='word_1_61' title='bbox 1381 1215 1647 1264; x_wconf 85' lang='lat' dir='ltr'><strong>remissum</strong></span> <span class='ocrx_word' id='word_1_62' title='bbox 1669 1234 1678 1262; x_wconf 69' lang='grc' dir='ltr'>ς</span> 
     </span>
     <span class='ocr_line' id='line_1_11' title="bbox 251 1308 1582 1378; baseline -0.005 -14"><span class='ocrx_word' id='word_1_63' title='bbox 251 1315 401 1364; x_wconf 88' lang='lat' dir='ltr'><strong>Serus</strong></span> <span class='ocrx_word' id='word_1_64' title='bbox 427 1322 476 1362; x_wconf 90' lang='lat' dir='ltr'><strong>et</strong></span> <span class='ocrx_word' id='word_1_65' title='bbox 500 1314 592 1362; x_wconf 89' lang='lat' dir='ltr'><strong>iste</strong></span> <span class='ocrx_word' id='word_1_66' title='bbox 617 1330 753 1362; x_wconf 89' lang='lat' dir='ltr'><strong>meas</strong></span> <span class='ocrx_word' id='word_1_67' title='bbox 779 1313 981 1361; x_wconf 87' lang='lat' dir='ltr'><strong>utinam</strong></span> <span class='ocrx_word' id='word_1_68' title='bbox 1006 1328 1152 1361; x_wconf 83' lang='lat' dir='ltr'><strong>sonus</strong></span> <span class='ocrx_word' id='word_1_69' title='bbox 1178 1317 1385 1378; x_wconf 92' lang='lat' dir='ltr'><strong>occupet</strong></span> <span class='ocrx_word' id='word_1_70' title='bbox 1412 1308 1582 1359; x_wconf 79' lang='lat' dir='ltr'><strong>aures!</strong></span> 
     </span>
     <span class='ocr_line' id='line_1_12' title="bbox 252 1405 1623 1477; baseline -0.003 -18"><span class='ocrx_word' id='word_1_71' title='bbox 252 1409 395 1470; x_wconf 69' lang='lat' dir='ltr'><strong>Quid</strong></span> <span class='ocrx_word' id='word_1_72' title='bbox 420 1427 522 1459; x_wconf 89' lang='lat' dir='ltr'><strong>non</strong></span> <span class='ocrx_word' id='word_1_73' title='bbox 549 1408 772 1477; x_wconf 90' lang='lat' dir='ltr'><strong>alloquiis</strong></span> <span class='ocrx_word' id='word_1_74' title='bbox 798 1408 985 1456; x_wconf 83' lang='lat' dir='ltr'><strong>relevas</strong></span> <span class='ocrx_word' id='word_1_75' title='bbox 1010 1424 1109 1469; x_wconf 85' lang='lat' dir='ltr'><strong>me,</strong></span> <span class='ocrx_word' id='word_1_76' title='bbox 1136 1414 1307 1455; x_wconf 90' lang='lat' dir='ltr'><strong>mente</strong></span> <span class='ocrx_word' id='word_1_77' title='bbox 1323 1405 1623 1473; x_wconf 79' lang='lat' dir='ltr'><strong>jacentem?</strong></span> 
     </span>
     <span class='ocr_line' id='line_1_13' title="bbox 252 1503 1570 1575; baseline -0.001 -19"><span class='ocrx_word' id='word_1_78' title='bbox 252 1506 356 1557; x_wconf 90' lang='lat' dir='ltr'><strong>Dic</strong></span> <span class='ocrx_word' id='word_1_79' title='bbox 382 1504 583 1575; x_wconf 90' lang='lat' dir='ltr'><strong>quando</strong></span> <span class='ocrx_word' id='word_1_80' title='bbox 608 1512 798 1553; x_wconf 82' lang='lat' dir='ltr'><strong>veteres</strong></span> <span class='ocrx_word' id='word_1_81' title='bbox 824 1504 970 1552; x_wconf 87' lang='lat' dir='ltr'><strong>liceat</strong></span> <span class='ocrx_word' id='word_1_82' title='bbox 994 1511 1214 1571; x_wconf 88' lang='lat' dir='ltr'><strong>spectare</strong></span> <span class='ocrx_word' id='word_1_83' title='bbox 1237 1503 1461 1553; x_wconf 76' lang='lat' dir='ltr'><strong>sodales?</strong></span> <span class='ocrx_word' id='word_1_84' title='bbox 1502 1505 1570 1555; x_wconf 67' lang='lat'><strong>25</strong></span> 
     </span>
     <span class='ocr_line' id='line_1_14' title="bbox 253 1597 1707 1668; baseline -0.003 -14"><span class='ocrx_word' id='word_1_85' title='bbox 253 1603 355 1655; x_wconf 86' lang='lat' dir='ltr'><strong>Par</strong></span> <span class='ocrx_word' id='word_1_86' title='bbox 382 1602 532 1668; x_wconf 77' lang='lat' dir='ltr'><strong>fugis,</strong></span> <span class='ocrx_word' id='word_1_87' title='bbox 559 1602 661 1650; x_wconf 92' lang='lat' dir='ltr'><strong>heu</strong></span> <span class='ocrx_word' id='word_1_88' title='bbox 683 1598 693 1649; x_wconf 72' lang='grc' dir='ltr'><strong>Ξ</strong></span> <span class='ocrx_word' id='word_1_89' title='bbox 737 1597 930 1649; x_wconf 88' lang='lat' dir='ltr'><strong>levibus</strong></span> <span class='ocrx_word' id='word_1_90' title='bbox 955 1599 1118 1648; x_wconf 87' lang='lat' dir='ltr'><strong>ventis</strong></span> <span class='ocrx_word' id='word_1_91' title='bbox 1143 1616 1415 1668; x_wconf 89' lang='lat' dir='ltr'><strong>somnoque</strong></span> <span class='ocrx_word' id='word_1_92' title='bbox 1439 1600 1661 1661; x_wconf 83' lang='lat' dir='ltr'><strong>volucri3</strong></span> <span class='ocrx_word' id='word_1_93' title='bbox 1704 1656 1707 1660; x_wconf 26' lang='lat'>¹</span> 
     </span>
     <span class='ocr_line' id='line_1_15' title="bbox 253 1695 1578 1766; baseline -0.004 -16"><span class='ocrx_word' id='word_1_94' title='bbox 253 1699 328 1750; x_wconf 86' lang='lat' dir='ltr'><strong>Et</strong></span> <span class='ocrx_word' id='word_1_95' title='bbox 353 1699 498 1761; x_wconf 87' lang='lat' dir='ltr'><strong>mihi,</strong></span> <span class='ocrx_word' id='word_1_96' title='bbox 523 1707 574 1747; x_wconf 90' lang='lat' dir='ltr'><strong>te</strong></span> <span class='ocrx_word' id='word_1_97' title='bbox 599 1704 819 1766; x_wconf 83' lang='lat' dir='ltr'><strong>raptans,</strong></span> <span class='ocrx_word' id='word_1_98' title='bbox 845 1695 1021 1745; x_wconf 89' lang='lat' dir='ltr'><strong>mediis</strong></span> <span class='ocrx_word' id='word_1_99' title='bbox 1047 1695 1219 1744; x_wconf 83' lang='lat' dir='ltr'><strong>fremit</strong></span> <span class='ocrx_word' id='word_1_100' title='bbox 1245 1713 1368 1744; x_wconf 85' lang='lat' dir='ltr'><strong>aura</strong></span> <span class='ocrx_word' id='word_1_101' title='bbox 1393 1696 1578 1765; x_wconf 84' lang='lat' dir='ltr'><strong>capillis</strong></span> 
     </span>
     <span class='ocr_line' id='line_1_16' title="bbox 253 1792 1534 1863; baseline -0.002 -17"><span class='ocrx_word' id='word_1_102' title='bbox 253 1796 568 1863; x_wconf 87' lang='lat' dir='ltr'><strong>Intempesta</strong></span> <span class='ocrx_word' id='word_1_103' title='bbox 589 1792 599 1841; x_wconf 87' lang='lat'>!</span> <span class='ocrx_word' id='word_1_104' title='bbox 642 1794 770 1856; x_wconf 87' lang='lat' dir='ltr'><strong>vale,</strong></span> <span class='ocrx_word' id='word_1_105' title='bbox 796 1810 1019 1861; x_wconf 88' lang='lat' dir='ltr'><strong>proceres</strong></span> <span class='ocrx_word' id='word_1_106' title='bbox 1045 1793 1131 1861; x_wconf 91' lang='lat' dir='ltr'><strong>qui</strong></span> <span class='ocrx_word' id='word_1_107' title='bbox 1157 1792 1304 1842; x_wconf 87' lang='lat' dir='ltr'><strong>laude</strong></span> <span class='ocrx_word' id='word_1_108' title='bbox 1329 1792 1534 1843; x_wconf 86' lang='lat' dir='ltr'><strong>ferebas.</strong></span> 
     </span>
    </p>

    <p class='ocr_par' dir='ltr' id='par_1_5' title="bbox 255 1888 1684 2536">
     <span class='ocr_line' id='line_1_17' title="bbox 327 1888 1536 1957; baseline -0.003 -16"><span class='ocrx_word' id='word_1_109' title='bbox 327 1891 414 1942; x_wconf 87' lang='lat' dir='ltr'><strong>Ad</strong></span> <span class='ocrx_word' id='word_1_110' title='bbox 439 1890 663 1952; x_wconf 79' lang='lat' dir='ltr'><strong>Moram,</strong></span> <span class='ocrx_word' id='word_1_111' title='bbox 689 1896 895 1938; x_wconf 92' lang='lat' dir='ltr'><strong>centum</strong></span> <span class='ocrx_word' id='word_1_112' title='bbox 920 1906 1021 1937; x_wconf 88' lang='lat' dir='ltr'><strong>sese</strong></span> <span class='ocrx_word' id='word_1_113' title='bbox 1046 1906 1175 1957; x_wconf 86' lang='lat' dir='ltr'><strong>quae</strong></span> <span class='ocrx_word' id='word_1_114' title='bbox 1199 1888 1401 1956; x_wconf 87' lang='lat' dir='ltr'><strong>subjicit</strong></span> <span class='ocrx_word' id='word_1_115' title='bbox 1428 1890 1536 1938; x_wconf 88' lang='lat' dir='ltr'><strong>altis</strong></span> 
     </span>
     <span class='ocr_line' id='line_1_18' title="bbox 256 1983 1684 2051; baseline -0.001 -14"><span class='ocrx_word' id='word_1_116' title='bbox 256 1986 561 2048; x_wconf 79' lang='lat' dir='ltr'><strong>VerticibUS,</strong></span> <span class='ocrx_word' id='word_1_117' title='bbox 589 1985 748 2034; x_wconf 73' lang='lat' dir='ltr'><strong>coiere</strong></span> <span class='ocrx_word' id='word_1_118' title='bbox 773 1983 938 2046; x_wconf 81' lang='lat' dir='ltr'><strong>duceS‚</strong></span> <span class='ocrx_word' id='word_1_119' title='bbox 966 1984 1220 2051; x_wconf 89' lang='lat' dir='ltr'><strong>epulisque</strong></span> <span class='ocrx_word' id='word_1_120' title='bbox 1245 1985 1508 2033; x_wconf 69' lang='lat' dir='ltr'><strong>vacarunt.</strong></span> <span class='ocrx_word' id='word_1_121' title='bbox 1614 1986 1684 2036; x_wconf 66' lang='grc' dir='ltr'><strong>ΞΟ</strong></span> 
     </span>
     <span class='ocr_line' id='line_1_19' title="bbox 256 2080 1497 2149; baseline -0.004 -16"><span class='ocrx_word' id='word_1_122' title='bbox 256 2083 402 2134; x_wconf 80' lang='lat' dir='ltr'><strong>Mille</strong></span> <span class='ocrx_word' id='word_1_123' title='bbox 424 2080 748 2132; x_wconf 87' lang='lat' dir='ltr'><strong>ardescebant</strong></span> <span class='ocrx_word' id='word_1_124' title='bbox 773 2097 982 2149; x_wconf 89' lang='lat' dir='ltr'><strong>quercus</strong></span> <span class='ocrx_word' id='word_1_125' title='bbox 1005 2100 1018 2139; x_wconf 81' lang='lat'>3</span> <span class='ocrx_word' id='word_1_126' title='bbox 1056 2088 1291 2148; x_wconf 91' lang='lat' dir='ltr'><strong>totusque</strong></span> <span class='ocrx_word' id='word_1_127' title='bbox 1315 2080 1497 2129; x_wconf 80' lang='lat' dir='ltr'><strong>reluxit</strong></span> 
     </span>
     <span class='ocr_line' id='line_1_20' title="bbox 257 2176 1534 2246; baseline -0.002 -16"><span class='ocrx_word' id='word_1_128' title='bbox 257 2179 410 2230; x_wconf 87' lang='lat' dir='ltr'><strong>Mons</strong></span> <span class='ocrx_word' id='word_1_129' title='bbox 435 2178 643 2240; x_wconf 73' lang='lat' dir='ltr'><strong>circum,</strong></span> <span class='ocrx_word' id='word_1_130' title='bbox 671 2177 918 2246; x_wconf 88' lang='lat' dir='ltr'><strong>lectosque</strong></span> <span class='ocrx_word' id='word_1_131' title='bbox 943 2177 1181 2227; x_wconf 85' lang='lat' dir='ltr'><strong>hilaravit</strong></span> <span class='ocrx_word' id='word_1_132' title='bbox 1204 2176 1378 2226; x_wconf 86' lang='lat' dir='ltr'><strong>vivida</strong></span> <span class='ocrx_word' id='word_1_133' title='bbox 1402 2179 1534 2246; x_wconf 85' lang='lat' dir='ltr'><strong>pleni</strong></span> 
     </span>
     <span class='ocr_line' id='line_1_21' title="bbox 257 2272 1659 2342; baseline 0 -17"><span class='ocrx_word' id='word_1_134' title='bbox 257 2276 350 2325; x_wconf 86' lang='lat' dir='ltr'><strong>Vis</strong></span> <span class='ocrx_word' id='word_1_135' title='bbox 375 2275 548 2342; x_wconf 87' lang='lat' dir='ltr'><strong>cyathi</strong></span> <span class='ocrx_word' id='word_1_136' title='bbox 564 2274 595 2305; x_wconf 38' lang='grc' dir='ltr'><strong>ἐκ</strong></span> <span class='ocrx_word' id='word_1_137' title='bbox 622 2291 858 2342; x_wconf 88' lang='lat' dir='ltr'><strong>proceres.</strong></span> <span class='ocrx_word' id='word_1_138' title='bbox 934 2272 1084 2323; x_wconf 91' lang='lat' dir='ltr'><strong>Unus</strong></span> <span class='ocrx_word' id='word_1_139' title='bbox 1111 2273 1204 2323; x_wconf 85' lang='lat' dir='ltr'><strong>sub</strong></span> <span class='ocrx_word' id='word_1_140' title='bbox 1229 2273 1374 2323; x_wconf 88' lang='lat' dir='ltr'><strong>corde</strong></span> <span class='ocrx_word' id='word_1_141' title='bbox 1399 2275 1659 2342; x_wconf 86' lang='lat' dir='ltr'><strong>premebat</strong></span> 
     </span>
     <span class='ocr_line' id='line_1_22' title="bbox 258 2370 1614 2423; baseline -0.001 -1"><span class='ocrx_word' id='word_1_142' title='bbox 258 2373 589 2423; x_wconf 83' lang='lat' dir='ltr'><strong>Saevum&#39;rex</strong></span> <span class='ocrx_word' id='word_1_143' title='bbox 615 2372 810 2420; x_wconf 88' lang='lat' dir='ltr'><strong>luctum</strong></span> <span class='ocrx_word' id='word_1_144' title='bbox 837 2370 1057 2420; x_wconf 86' lang='lat' dir='ltr'><strong>Suaren:</strong></span> <span class='ocrx_word' id='word_1_145' title='bbox 1101 2370 1207 2419; x_wconf 86' lang='lat' dir='ltr'><strong>fera</strong></span> <span class='ocrx_word' id='word_1_146' title='bbox 1230 2370 1425 2419; x_wconf 88' lang='lat' dir='ltr'><strong>lumina</strong></span> <span class='ocrx_word' id='word_1_147' title='bbox 1444 2379 1614 2422; x_wconf 89' lang='lat' dir='ltr'><strong>torvus</strong></span> 
     </span>
     <span class='ocr_line' id='line_1_23' title="bbox 255 2465 1683 2536; baseline 0 -17"><span class='ocrx_word' id='word_1_148' title='bbox 255 2467 533 2534; x_wconf 80' lang='lat' dir='ltr'><strong>Defigebat</strong></span> <span class='ocrx_word' id='word_1_149' title='bbox 559 2466 724 2516; x_wconf 87' lang='lat' dir='ltr'><strong>adhuc</strong></span> <span class='ocrx_word' id='word_1_150' title='bbox 749 2465 915 2530; x_wconf 68' lang='lat' dir='ltr'><strong>Lena,</strong></span> <span class='ocrx_word' id='word_1_151' title='bbox 934 2466 1224 2536; x_wconf 90' lang='lat' dir='ltr'><strong>bellumque</strong></span> <span class='ocrx_word' id='word_1_152' title='bbox 1249 2466 1507 2517; x_wconf 88' lang='lat' dir='ltr'><strong>sinistrum</strong></span> <span class='ocrx_word' id='word_1_153' title='bbox 1617 2469 1683 2519; x_wconf 77' lang='lat'><strong>35</strong></span> 
     </span>
    </p>
   </div>
   <div class='ocr_carea' id='block_1_3' title="bbox 260 2563 1451 2630">
    <p class='ocr_par' dir='ltr' id='par_1_6' title="bbox 260 2563 1451 2630">
     <span class='ocr_line' id='line_1_24' title="bbox 260 2563 1451 2630; baseline -0.003 -13"><span class='ocrx_word' id='word_1_154' title='bbox 260 2567 468 2617; x_wconf 86' lang='lat' dir='ltr'><strong>Pectore</strong></span> <span class='ocrx_word' id='word_1_155' title='bbox 492 2563 742 2625; x_wconf 82' lang='lat' dir='ltr'><strong>versabat,</strong></span> <span class='ocrx_word' id='word_1_156' title='bbox 769 2563 982 2613; x_wconf 89' lang='lat' dir='ltr'><strong>stimulis</strong></span> <span class='ocrx_word' id='word_1_157' title='bbox 1010 2564 1226 2630; x_wconf 85' lang='lat' dir='ltr'><strong>agitatus</strong></span> <span class='ocrx_word' id='word_1_158' title='bbox 1254 2564 1451 2614; x_wconf 87' lang='lat' dir='ltr'><strong>amaris.</strong></span> 
     </span>
    </p>
   </div>
   <div class='ocr_carea' id='block_1_4' title="bbox 849 2704 1082 2752">
    <p class='ocr_par' dir='ltr' id='par_1_7' title="bbox 849 2704 1082 2752">
     <span class='ocr_line' id='line_1_25' title="bbox 849 2704 1082 2752; baseline -0.004 -12"><span class='ocrx_word' id='word_1_159' title='bbox 849 2707 874 2752; x_wconf 91' lang='lat'>†</span> <span class='ocrx_word' id='word_1_160' title='bbox 907 2704 1018 2748; x_wconf 72' lang='lat' dir='ltr'><strong>Nota,</strong></span> <span class='ocrx_word' id='word_1_161' title='bbox 1039 2705 1082 2740; x_wconf 93' lang='lat' dir='ltr'><strong>B.</strong></span> 
     </span>
    </p>
   </div>
  </div>
 </body>
</html>
