1936 3203
896 285 962 333 19

220 478 347 529 quae
390 469 543 529 pater,
600 462 804 527 insignis
844 479 943 522 rex,
1001 478 1128 529 quae
1165 459 1313 521 filius,
1369 477 1496 528 quae
1540 460 1638 509 fra-

219 577 333 631 tres,
361 587 487 637 quae
514 569 681 619 dilecti
706 569 888 619 sodales
922 578 1188 635 gesserant,
1214 578 1264 618 et
1290 586 1505 637 quorum
1530 586 1640 636 pars

219 694 407 742 magna
440 677 538 727 fuit
575 679 691 746 ipse,
732 679 855 728 haec
892 678 1182 728 exornarit‘?
1220 679 1341 727 tales
1368 679 1540 727 heroas
1579 675 1643 725 ad

221 782 414 832 coelum
457 783 686 834 laudibus
731 787 1004 836 extulerit?
1057 785 1424 854 jucundissima
1472 791 1641 852 raptus

221 892 377 940 animi
402 892 740 942 recordatione
776 894 829 943 in
869 913 945 958 ea,
970 895 1106 963 queis
1127 895 1228 962 ipse
1267 892 1527 942 studuerat
1558 892 1643 959 ju-

223 1000 378 1062 venis,
417 1001 470 1049 in
509 1019 604 1064 eos,
650 1020 769 1070 quos
810 1002 1148 1064 adamaverat,
1174 1002 1228 1050 in
1268 1001 1451 1050 eximia
1495 999 1642 1059 facta,

221 1124 348 1175 quae
374 1125 492 1157 cum
507 1109 565 1156 iis
580 1117 968 1176 perpetraverat,
985 1117 1227 1178 superstes
1251 1109 1319 1156 sic
1344 1107 1558 1167 senium,
1575 1106 1643 1153 sic

219 1213 528 1276 caecitatem,
545 1215 611 1263 sic
627 1233 832 1265 suorum
847 1216 1150 1265 desiderium
1165 1215 1344 1263 solatus
1361 1212 1452 1262 sit?
1480 1211 1645 1271 Quid-

219 1324 273 1369 ni
311 1321 562 1387 praeclara
599 1322 818 1383 sentiret,
854 1339 1033 1389 easque
1066 1321 1321 1369 virtutum
1345 1335 1646 1386 morumque

217 1428 513 1494 exprimeret
537 1426 807 1493 opinioneS‚
846 1445 966 1495 quas
1006 1435 1265 1494 tantopere
1291 1424 1645 1474 admiramur?

293 1640 568 1690 Contendit
596 1641 711 1690 dein
749 1640 999 1706 Laingius
1039 1658 1140 1689 non
1179 1641 1393 1709 potuisse
1418 1638 1642 1690 Ossianis

220 1752 465 1813 poemata,
492 1746 677 1794 vetusti
701 1747 880 1812 nempe
906 1746 1050 1806 vatis,
1092 1744 1154 1793 ad
1178 1762 1265 1793 nos
1290 1761 1448 1812 usque
1472 1761 1645 1811 perve-

218 1852 362 1911 nire;
400 1869 560 1919 quum
597 1868 690 1899 nec
728 1850 791 1900 ab
824 1851 984 1912 initio,
1018 1868 1110 1899 nec
1138 1857 1246 1918 post
1284 1850 1503 1918 plurima
1542 1867 1644 1898 sae-

218 1959 329 2008 cula
354 1958 553 2008 fuerant
578 1958 751 2006 litteris
777 1957 1032 2007 mandata.
1108 1956 1262 2017 Quod
1288 1958 1531 2025 scriptum
1556 1966 1643 2019 est,

218 2065 391 2116 stabile
418 2083 474 2114 ac
498 2082 884 2133 permansurum
920 2071 1066 2112 vocat
1087 2083 1100 2122 3
1139 2062 1272 2131 quod
1297 2081 1416 2112 voce
1441 2071 1645 2113 tantum

217 2172 450 2234 traditur,
478 2170 719 2221 Laetheis
745 2170 1014 2220 delendum
1055 2171 1194 2239 aquis
1219 2170 1470 2220 committi
1507 2169 1641 2220 dicit.

222 2277 420 2328 Verum
444 2279 567 2327 haec
592 2277 808 2327 hominis
833 2277 1059 2326 doctrina
1095 2276 1175 2325 vel
1201 2276 1414 2326 adducto
1431 2276 1542 2344 jam
1567 2295 1643 2326 re-

218 2386 450 2437 tunditur
487 2387 708 2455 exemplo
752 2385 985 2448 Homeri,
1025 2385 1163 2452 cujus
1206 2383 1518 2452 Rhapsodias
1554 2403 1643 2453 per

220 2495 381 2544 multa
404 2495 621 2544 servavit
645 2495 839 2544 saecula
863 2495 962 2543 sola
986 2494 1224 2543 recitatio.
1302 2492 1475 2552 Quem
1498 2512 1642 2562 porro

219 2600 373 2651 habet
408 2609 585 2652 testem
628 2600 892 2668 Laingius,
931 2601 1022 2652 ubi
1060 2602 1228 2651 asserit
1266 2600 1488 2650 Ossianis
1529 2608 1641 2670 poe-

220 2717 358 2760 mata
382 2727 474 2760 nec
500 2708 563 2759 ab
586 2710 745 2773 initio,
784 2729 877 2762 nec
901 2711 1117 2779 plurima
1141 2718 1248 2779 post
1271 2710 1466 2760 saecula
1491 2709 1638 2760 fuisse
