1936 3203
603 281 761 317 NOTAE
798 279 856 314 IN
893 278 995 313 ΜΒ.
1035 278 1091 311 11.
1429 261 1529 311 211

825 453 867 493 F.

221 547 317 586 Non
339 555 417 596 est,
435 561 510 587 cur
530 546 653 600 aegre
687 545 871 586 feramus
906 543 1099 598 Eriginas
1134 540 1211 581 hac
1247 540 1422 594 paulam
1458 542 1534 581 ob·

168 625 273 665 volvi
295 626 462 667 nebula.
519 627 622 666 Mox
644 626 755 665 enim
775 623 1012 678 depelletur
1032 636 1082 662 ea
1102 621 1195 661 loco
1214 637 1224 670 ;
1257 620 1535 673 Suarenisque

124 698 126 703 ’
172 704 324 745 fastum
344 705 517 759 inopino
539 704 705 745 retundi
727 705 814 745 visu
837 703 1127 758 gaudebimus.

823 853 876 891 G.

229 940 377 984 Qualis
397 941 465 993 qui
488 940 603 995 legat
622 942 795 989 Suaren,
818 940 930 980 illius
952 939 1140 994 superbit
1159 940 1342 992 Legatus
1361 954 1371 986 ;
1402 937 1538 977 domi-

174 1033 357 1071 numque
378 1034 496 1059 suum
518 1019 689 1073 egregie
711 1019 799 1073 agit
820 1018 969 1058 Morla.

837 1169 890 1208 H.

233 1257 404 1311 Asperis
425 1258 466 1297 in
488 1272 531 1298 se
552 1258 751 1297 conviciis
774 1258 948 1297 Homeri
969 1257 1225 1297 crudescunt
1241 1258 1401 1299 heroes.
1460 1259 1544 1298 Ca-

177 1337 234 1376 vit
254 1337 453 1377 Ossianes
474 1351 527 1377 ne
548 1338 631 1377 suis
654 1337 692 1376 id
716 1337 815 1376 vitio
836 1345 1075 1376 verteretur.
1124 1337 1230 1376 Sunt
1245 1337 1357 1376 enim
1379 1351 1545 1390 graves3

178 1415 423 1468 sapientiam
446 1415 626 1464 callent3
658 1430 751 1455 cum
776 1414 983 1470 dignitate
1005 1424 1138 1455 semet
1155 1415 1437 1468 alloquuntur.

861 1568 892 1605 Ι.

239 1655 306 1694 Ob
328 1653 512 1694 officium
534 1656 574 1694 in
599 1656 861 1704 Cormacem,
882 1655 1019 1695 adhuc
1040 1656 1279 1710 puerulum,
1311 1668 1439 1712 caput
1474 1661 1550 1700 ob-

175 1732 312 1786 jectat
330 1733 529 1786 periculis
551 1734 776 1773 Cuchullin
796 1749 808 1783 3
831 1734 885 1774 ob
899 1734 1267 1785 necessitudinem,
1282 1745 1408 1789 atque
1424 1739 1550 1779 etiam

185 1812 410 1851 amicitiam
433 1814 637 1853 succurrit
657 1814 697 1852 ei
719 1813 911 1867 Phingal.
972 1815 1111 1854 Caeca
1130 1814 1263 1855 fertur
1282 1816 1342 1855 ira
1372 1819 1414 1856 in
1444 1819 1553 1858 Tro-

180 1889 271 1943 jam
294 1890 503 1941 Achilles3
526 1893 577 1940 vi,
598 1907 885 1945 summamque
902 1908 978 1947 per
993 1893 1190 1947 injuriam
1207 1895 1411 1949 profugus
1426 1899 1555 1937 AEne-

187 1983 230 2008 as
250 1983 403 2008 novum
425 1970 463 2008 in
489 1970 604 2009 Italia
627 1970 771 2010 condit
792 1972 1028 2025 imperium.
1086 1972 1232 2024 Itaque
1264 1975 1317 2013 εὸ
1348 1989 1392 2015 se
1424 1978 1554 2031 magis

188 2047 455 2087 commendat
475 2047 553 2088 hoc
577 2049 766 2090 Ossianis
786 2052 952 2104 poema,
984 2050 1093 2103 quod
1130 2051 1260 2092 decus
1291 2062 1334 2093 et
1368 2055 1554 2107 probita-

188 2134 272 2165 tem
295 2125 457 2176 doceat,
477 2128 747 2182 suadeatque.

858 2280 910 2319 K.

251 2375 506 2415 Cuchullina
526 2374 651 2413 miror
672 2372 895 2423 equidem3
931 2372 1055 2411 miror
1090 2381 1133 2413 et
1169 2374 1372 2416 Connala.
1431 2377 1558 2418 Arma

196 2452 422 2493 Cuchullin
446 2453 591 2501 ardet3
627 2465 773 2506 pacem
795 2449 939 2490 laudat
959 2451 1136 2490 Connal.
1202 2453 1262 2491 Ex
1286 2453 1458 2495 adverso
1478 2457 1557 2497 ita-

197 2544 279 2583 que
300 2541 410 2572 stant
428 2547 436 2571 :
469 2532 629 2572 diversa
649 2542 786 2571 tamen
810 2530 1052 2579 sentientes,
1072 2538 1218 2570 mutuo
1241 2545 1284 2572 se
1304 2532 1367 2572 illi
1387 2533 1557 2585 honore,

203 2611 369 2663 fideque
390 2619 707 2665 prosequuntur.
771 2610 859 2648 Nos
880 2622 1060 2662 quoque,
1088 2610 1195 2650 sicut
1225 2610 1466 2663 Cuchullin,
1485 2613 1557 2655 hic

198 2692 483 2746 indignamur,
521 2698 643 2742 atque
683 2689 941 2730 calescimus.
1021 2688 1179 2729 Blanda
1218 2690 1488 2744 reprehendit
1525 2695 1558 2734 is
