1936 3203
914 336 984 386 46

276 496 369 545 hoc
416 505 591 566 poema
639 499 896 549 redderem
946 499 1151 563 Latine,
1200 517 1536 568 versuumque
1585 518 1693 568 per-

275 607 517 674 scriptum
542 608 779 658 illecebris
804 608 1137 678 undequaque
1162 610 1460 658 emitterem.
1542 607 1693 667 Quod

275 715 444 784 itaque
476 717 705 785 proposui
742 717 967 780 tertium,
1006 735 1142 767 nunc
1186 716 1579 776 absolvendum3
1618 716 1693 765 di-

273 822 589 891 cendumque
613 832 832 892 superest
852 823 972 892 quid
997 824 1058 873 de
1081 825 1270 893 optima
1296 824 1510 873 sentiam
1536 824 1692 874 inter-

274 931 565 998 pretatione,
593 930 894 1001 Latinisque
919 932 1185 983 condendis
1212 932 1449 982 versibus.

926 1146 1032 1198 ΙΠ.

342 1253 493 1313 Quod
521 1254 581 1303 ad
607 1255 831 1322 primum
858 1255 1054 1317 attinet,
1077 1254 1237 1303 facem
1262 1254 1539 1321 praetulere
1564 1252 1693 1301 mihi

269 1361 627 1412 lucidissimam
650 1361 729 1412 M.
758 1360 822 1412 T.
853 1361 1107 1411 Ciceronis
1131 1361 1301 1423 verba,
1341 1360 1521 1429 quibus
1561 1359 1694 1409 Ora-

267 1469 440 1530 tiones,
476 1487 596 1537 quas
639 1469 738 1519 duo
771 1470 1098 1520 Athenarum
1128 1469 1469 1537 spectatissimi
1509 1467 1692 1517 Orato-

267 1592 340 1624 res
366 1576 417 1623 in
453 1577 726 1626 alterutum
754 1576 1053 1639 habuerant,
1092 1577 1388 1625 convertisse
1425 1594 1483 1624 ex
1509 1577 1693 1625 Atticis

266 1701 315 1731 se
343 1691 569 1733 testatur.
647 1684 729 1733 Sic
758 1684 895 1733 enim
921 1684 1140 1752 loquitur
1165 1684 1204 1732 is
1230 1684 1280 1731 in
1307 1683 1504 1748 egregio
1529 1700 1615 1731 suo
1641 1700 1692 1731 o-

266 1809 381 1857 pere
406 1791 467 1839 de
492 1791 631 1859 Opti.
661 1791 729 1841 G.
758 1791 902 1841 Orat.
930 1810 979 1841 n.
1011 1794 1093 1842 14.
1172 1790 1414 1840 Converti
1430 1809 1486 1839 ex
1508 1791 1692 1839 Atticis

266 1915 430 1946 -nec
456 1899 679 1946 converti
704 1906 762 1947 ut
787 1899 1044 1965 interpres,
1078 1897 1161 1946 sed
1185 1905 1243 1946 ut
1276 1905 1455 1958 orator,
1495 1905 1692 1946 senten-

267 2005 347 2052 tiis
374 2003 565 2065 iisdem,
592 2012 641 2052 et
666 2022 843 2053 earum
868 2004 1055 2065 formis,
1094 2012 1341 2072 tanquam
1366 2003 1554 2068 figuris,
1580 2021 1692 2052 ver-

265 2111 340 2162 bis
368 2111 430 2160 ad
449 2119 672 2160 nostram
688 2110 1099 2160 consuetudinem
1121 2110 1245 2177 aptis
1265 2130 1278 2168 3
1306 2110 1357 2158 in
1384 2109 1564 2178 quibus
1589 2128 1690 2159 non

266 2218 480 2269 verbum
495 2237 583 2287 pro
597 2217 751 2267 verbo
775 2235 968 2267 necesse
993 2216 1151 2267 habui
1170 2215 1373 2265 reddere
1392 2236 1405 2274 3
1426 2215 1509 2264 sed
1525 2234 1684 2281 genus

263 2327 495 2376 omnium
538 2326 809 2375 verborum
848 2325 1054 2393 vimque
1092 2323 1299 2372 servavi.
1382 2321 1502 2372 Non
1547 2323 1684 2371 enim

262 2451 321 2481 ea
349 2452 431 2483 me
458 2451 789 2484 annumerare
814 2433 982 2482 lectori
1006 2431 1181 2499 putavi
1205 2438 1443 2498 oportere,
1469 2429 1551 2479 sed
1575 2436 1687 2478 tan—

265 2543 418 2609 quam
444 2542 735 2611 appendere.
