1936 3203
221 282 318 315 LIB.
359 282 427 315 [v.
618 282 732 314 SIVE
759 281 1011 315 HIBERNIA
1038 283 1312 317 LIBERATA.
1528 271 1628 324 139

219 457 447 519 Arsisses,
472 456 634 506 vinclo
650 473 883 523 cuperem
907 456 1089 505 sociare
1107 455 1284 523 jugali.

216 550 346 601 Inde
370 551 527 601 bonus
554 551 765 619 felixque
790 550 1000 600 recludit
1024 552 1231 617 virginis
1259 553 1441 602 aulam.

216 645 437 696 Perculsi
461 646 666 695 colimus
691 647 859 696 visum
882 645 892 695 Σ
933 647 1025 697 sub
1050 655 1246 715 pectore
1266 656 1431 697 motus

217 742 471 792 Sentimus
497 739 676 791 miros!
717 743 999 811 nympham
1019 744 1204 792 salvere
1221 743 1460 811 jubemus
1561 750 1631 802 40

219 835 487 898 Unanimi,
515 837 643 885 claro
669 835 957 886 Brannonis
981 840 1223 904 sanguine
1249 849 1452 889 cretam.

286 930 529 981 AEmulus
555 932 744 980 interea
770 933 907 982 molli
932 933 1025 983 sub
1051 936 1280 1000 gramine
1305 936 1420 985 clivi

212 1027 440 1094 Apparet
466 1026 697 1090 CormaC,
723 1037 831 1077 octo
859 1030 1123 1079 comitatus
1151 1032 1350 1081 amicis:

212 1120 443 1171 Fortium
470 1123 631 1171 ahena
654 1124 823 1173 virfim
842 1125 986 1190 longe
1012 1126 1161 1174 lorica
1185 1126 1392 1190 refulsit,

211 1217 334 1268 Solis
359 1218 669 1269 inardescens
693 1220 857 1269 radiis.
932 1219 1016 1270 Ibi
1040 1222 1258 1270 vulneris
1286 1230 1457 1272 auctor
1556 1224 1624 1275 45

211 1314 377 1377 Saevi,
406 1313 551 1363 Colta
576 1315 703 1374 fuit3
741 1333 833 1364 nec
852 1333 953 1364 non
979 1324 1029 1364 et
1053 1314 1230 1365 Durra
1253 1317 1525 1366 tremendis

210 1409 450 1470 Viribus3
489 1420 554 1473 et,
580 1412 747 1479 priscis
773 1412 963 1477 gemini
987 1412 1259 1463 virtutibus
1286 1416 1399 1477 acti,

211 1504 326 1571 Tog
351 1505 679 1574 Fresdalque:
720 1524 878 1556 manu
902 1525 1002 1556 non
1031 1509 1365 1575 aspernandus
1391 1518 1440 1559 et
1472 1512 1628 1574 heros,

212 1599 386 1660 Dora3
413 1609 682 1669 potensque
710 1602 811 1650 acie
836 1603 1109 1670 magnique
1134 1604 1212 1652 vir
1230 1606 1442 1670 agminis
1458 1607 1628 1671 instar,

213 1695 347 1745 Dola
372 1714 515 1745 unus.
592 1696 820 1746 Pulchris
841 1698 1047 1765 pulcher
1074 1708 1360 1767 conspectus
1385 1702 1437 1751 in
1460 1703 1609 1752 armis

213 1791 489 1859 Spargebat
506 1792 707 1859 juvenis
734 1793 956 1842 districto
982 1794 1185 1860 fulgura
1209 1796 1321 1845 telo.

282 1886 424 1936 Exiit
449 1886 698 1949 Ossianes,
723 1887 1034 1956 totidemque
1060 1889 1111 1939 in
1140 1890 1288 1939 fortia
1313 1892 1458 1941 lectos

210 1981 292 2032 Ex
318 1983 409 2044 his,
435 1983 521 2051 qui
547 2000 715 2032 secum
740 1985 1039 2052 superarunt
1065 2003 1294 2054 aequora,
1314 1986 1471 2036 duxit.

215 2078 457 2127 Constitit
483 2077 568 2127 hos
594 2079 725 2127 inter
749 2079 875 2128 bello
901 2078 1000 2129 dux
1027 2081 1260 2148 optimus,
1286 2080 1462 2142 Ullin3

211 2173 474 2243 Mullaque
494 2174 742 2224 nobilibus
769 2175 941 2235 factis3
969 2176 1255 2245 Scallacque
1275 2177 1502 2244 benignis
1562 2181 1627 2231 55

212 2268 442 2321 Moribus
467 2272 715 2320 excellens.
791 2270 877 2321 Ira
902 2271 1038 2320 stetit
1063 2272 1248 2320 excitus
1272 2271 1441 2337 Oglan
1459 2294 1473 2333 3

211 2364 414 2433 Tuque,
442 2368 573 2417 ferox
601 2367 800 2417 C'ardal.
874 2366 1081 2417 Roenae
1107 2368 1377 2417 certissima
1400 2369 1574 2437 proles,

213 2460 374 2511 Duva
398 2464 538 2529 niger
564 2466 700 2527 ciliis,
728 2464 958 2533 lethoque
983 2464 1167 2513 instare
1193 2471 1410 2531 paratus,

214 2553 400 2619 Affuit,
429 2565 476 2607 et
500 2575 702 2609 mecum
728 2577 903 2627 campo
931 2559 1052 2608 furit
1080 2576 1188 2608 acer
1216 2566 1399 2625 aperto,
