1936 3203
272 252 372 302 138
817 261 1147 305 PHINGALms,
1478 261 1573 294 ΠΒ.
1616 262 1683 295 lv.

333 460 455 511 Non
482 463 552 510 ita
578 459 878 520 moerebam,
906 461 1046 525 virgo
1073 458 1283 510 candore
1309 458 1481 519 nivali,

261 557 383 609 Non
406 559 498 607 hac
524 573 710 606 mersus
731 572 869 604 eram
894 555 1004 605 fusa
1029 556 1239 621 caligine
1259 556 1466 617 circum,

263 654 400 705 Cum
426 671 507 702 me
532 651 823 720 posthabitis
849 649 1116 718 Evirallyn
1144 659 1400 700 amaverat
1426 667 1588 699 unum
1620 652 1680 700 15

258 749 504 810 Millibus⁷
531 755 749 796 errantes
774 747 1111 814 pulcherrima
1135 747 1362 815 nympha
1387 747 1597 814 capillos,

261 845 614 912 Candentique
639 844 751 892 sinu
776 842 931 892 dulcis
959 841 1253 892 Brannonia
1277 843 1447 910 proles.

258 940 439 991 Erinei
464 957 684 1007 proceres
711 939 895 1004 insigni
920 947 1114 1006 pectore
1140 947 1189 987 et
1211 940 1360 988 armis

257 1036 407 1088 Illam
434 1038 593 1085 arsere
620 1036 785 1103 proci;
825 1034 1151 1104 dextramque
1175 1034 1460 1103 petentibus
1485 1035 1589 1083 ollis

257 1133 486 1185 Abnuit:
530 1140 645 1181 ante
667 1132 781 1181 alios
808 1132 940 1181 visus
966 1132 1256 1181 lectissimus
1282 1149 1468 1193 omnes,
1613 1133 1682 1182 ΞΟ

256 1230 289 1281 J
292 1237 470 1279 uverat
495 1227 742 1277 Ossianes.
818 1225 1122 1294 Nymphaln
1147 1227 1405 1295 deposcere
1430 1234 1608 1289 certus,

256 1325 620 1392 Legonemque
647 1323 830 1386 adiens⁷
857 1323 989 1371 secui
1014 1322 1145 1371 vada
1170 1322 1375 1372 turbida
1400 1323 1572 1391 ponti3

254 1420 446 1489 Meque
472 1420 569 1468 fuit
595 1436 831 1484 generosa
856 1418 1072 1486 phalanx
1099 1419 1337 1467 comitata
1363 1419 1604 1480 virorum,

253 1515 472 1566 Roscida
497 1532 616 1583 quos
642 1514 778 1576 riviS‚
804 1514 1010 1582 scopulis
1036 1531 1156 1582 quos
1184 1532 1354 1581 aspera
1378 1512 1597 1563 Morven

253 1610 493 1661 Fuderat,
568 1608 816 1677 Appulsos
844 1607 1034 1675 excepit
1059 1607 1308 1656 maximus
1334 1608 1475 1656 heros
1609 1609 1675 1659 ⁴25

255 1708 396 1758 Ante
422 1706 562 1767 fores,
590 1703 815 1765 Branno‚
842 1703 1047 1752 loricam
1072 1702 1278 1752 indutus
1306 1703 1554 1762 ahenam3

253 1800 663 1867 Protendensque
688 1816 901 1847 manum
926 1797 1178 1859 manibus,
1205 1799 1273 1847 sic
1298 1798 1447 1846 farier
1473 1796 1612 1846 infit:

310 1896 465 1945 Unde
480 1895 712 1961 gradum,
726 1893 969 1960 juvenes?
998 1894 1158 1941 rutilis
1181 1893 1302 1961 quid
1317 1894 1512 1961 poscitis
1528 1894 1677 1942 armis

251 1989 532 2042 Instructi‘?
572 1987 793 2038 Facilem
819 2004 920 2035 non
946 2004 994 2034 se
1011 2004 1124 2035 mea
1148 1995 1269 2035 nata
1294 1987 1532 2048 remittet,

254 2085 507 2137 Caeruleis
533 2084 683 2133 oculis
710 2099 930 2150 proceres
956 2099 1083 2150 quae
1109 2082 1296 2149 respuit
1321 2099 1490 2131 omnes
1608 2084 1675 2133 30

253 2182 479 2233 Erineos.
555 2179 718 2240 Salve,
736 2178 884 2238 salve,
911 2176 1010 2226 dux
1039 2178 1134 2226 alte
1159 2178 1486 2245 phalangum,

251 2277 513 2343 Phingalis
538 2278 568 2325 ὃ
593 2274 794 2336 soboles⁷
822 2273 958 2322 fama
985 2290 1130 2340 super
1157 2273 1359 2322 aethera
1384 2274 1489 2321 noti
1512 2272 1521 2320 l

254 2374 392 2425 Felix
413 2380 540 2422 sorte
565 2373 670 2433 sua,
699 2389 826 2439 quae
852 2387 900 2418 se
925 2368 1020 2418 tibi
1041 2368 1216 2418 reddat
1242 2378 1499 2418 amantem

253 2470 429 2534 Virgo,
455 2467 662 2517 bellator
688 2466 834 2532 gestis
860 2463 1179 2512 celeberrime
1204 2463 1378 2514 rebus!

255 2567 309 2617 Si
334 2565 462 2614 mihi
488 2563 710 2612 bissenae
736 2562 1008 2630 praestanti
1034 2578 1234 2629 corpore
1259 2570 1423 2624 natae,
1606 2563 1671 2612 35

253 2662 500 2721 Ossimms,
527 2667 701 2721 essent,
729 2675 882 2726 quam
902 2666 959 2706 tu
986 2656 1143 2722 magis
1169 2656 1401 2706 omnibus
1426 2674 1584 2707 unam
