<?xml version="1.0" encoding="UTF-8"?>
<!DOCTYPE html PUBLIC "-//W3C//DTD XHTML 1.0 Transitional//EN"
    "http://www.w3.org/TR/xhtml1/DTD/xhtml1-transitional.dtd">
<html xmlns="http://www.w3.org/1999/xhtml" xml:lang="en" lang="en">
 <head>
  <title>
</title>
<meta http-equiv="Content-Type" content="text/html;charset=utf-8" />
  <meta name='ocr-system' content='tesseract 3.04.00' />
  <meta name='ocr-capabilities' content='ocr_page ocr_carea ocr_par ocr_line ocrx_word'/>
</head>
<body>
  <div class='ocr_page' id='page_1' title='image "./phingalssivehibe00macp_0031.png"; bbox 0 0 1936 3203; ppageno 0'>
   <div class='ocr_carea' id='block_1_1' title="bbox 859 299 925 352">
    <p class='ocr_par' dir='ltr' id='par_1_1' title="bbox 859 299 925 352">
     <span class='ocr_line' id='line_1_1' title="bbox 859 299 925 352; baseline 0.03 -2"><span class='ocrx_word' id='word_1_1' title='bbox 859 299 925 352; x_wconf 71' lang='lat'>27</span> 
     </span>
    </p>
   </div>
   <div class='ocr_carea' id='block_1_2' title="bbox 177 477 1606 2143">
    <p class='ocr_par' dir='ltr' id='par_1_2' title="bbox 177 477 1606 2143">
     <span class='ocr_line' id='line_1_2' title="bbox 187 477 1603 548; baseline -0.002 -19"><span class='ocrx_word' id='word_1_2' title='bbox 187 487 500 548; x_wconf 89' lang='lat' dir='ltr'>prospectum</span> <span class='ocrx_word' id='word_1_3' title='bbox 537 478 656 544; x_wconf 84' lang='lat' dir='ltr'>legit</span> <span class='ocrx_word' id='word_1_4' title='bbox 694 477 890 540; x_wconf 85' lang='lat' dir='ltr'>mundi,</span> <span class='ocrx_word' id='word_1_5' title='bbox 921 479 1202 528; x_wconf 84' lang='lat' dir='ltr'>maximum</span> <span class='ocrx_word' id='word_1_6' title='bbox 1241 477 1485 527; x_wconf 90' lang='lat' dir='ltr'>librorum</span> <span class='ocrx_word' id='word_1_7' title='bbox 1508 493 1603 526; x_wconf 86' lang='lat' dir='ltr'>un-</span> 
     </span>
     <span class='ocr_line' id='line_1_3' title="bbox 188 585 1604 653; baseline -0.003 -17"><span class='ocrx_word' id='word_1_8' title='bbox 188 603 294 650; x_wconf 87' lang='lat' dir='ltr'>um,</span> <span class='ocrx_word' id='word_1_9' title='bbox 327 587 408 635; x_wconf 90' lang='lat' dir='ltr'>cui</span> <span class='ocrx_word' id='word_1_10' title='bbox 442 585 632 634; x_wconf 86' lang='lat' dir='ltr'>animos</span> <span class='ocrx_word' id='word_1_11' title='bbox 676 586 937 653; x_wconf 89' lang='lat' dir='ltr'>oculosque</span> <span class='ocrx_word' id='word_1_12' title='bbox 976 585 1318 648; x_wconf 80' lang='lat' dir='ltr'>admoverant,</span> <span class='ocrx_word' id='word_1_13' title='bbox 1360 592 1604 653; x_wconf 81' lang='lat' dir='ltr'>quotquot</span> 
     </span>
     <span class='ocr_line' id='line_1_4' title="bbox 186 691 1605 761; baseline -0.001 -19"><span class='ocrx_word' id='word_1_14' title='bbox 186 692 386 761; x_wconf 85' lang='lat' dir='ltr'>posteris</span> <span class='ocrx_word' id='word_1_15' title='bbox 434 691 554 760; x_wconf 90' lang='lat' dir='ltr'>quid</span> <span class='ocrx_word' id='word_1_16' title='bbox 601 692 844 742; x_wconf 62' lang='lat' dir='ltr'>memoria</span> <span class='ocrx_word' id='word_1_17' title='bbox 892 692 1106 759; x_wconf 82' lang='lat' dir='ltr'>dignum</span> <span class='ocrx_word' id='word_1_18' title='bbox 1143 691 1475 742; x_wconf 87' lang='lat' dir='ltr'>tradiderunt.</span> <span class='ocrx_word' id='word_1_19' title='bbox 1552 691 1605 741; x_wconf 85' lang='lat' dir='ltr'>Si</span> 
     </span>
     <span class='ocr_line' id='line_1_5' title="bbox 184 797 1605 869; baseline 0 -22"><span class='ocrx_word' id='word_1_20' title='bbox 184 798 306 868; x_wconf 89' lang='lat' dir='ltr'>quid</span> <span class='ocrx_word' id='word_1_21' title='bbox 331 816 389 848; x_wconf 83' lang='lat' dir='ltr'>ex</span> <span class='ocrx_word' id='word_1_22' title='bbox 418 797 629 847; x_wconf 87' lang='lat' dir='ltr'>Ossiane</span> <span class='ocrx_word' id='word_1_23' title='bbox 657 808 934 867; x_wconf 84' lang='lat' dir='ltr'>promatur,</span> <span class='ocrx_word' id='word_1_24' title='bbox 957 800 1087 869; x_wconf 85' lang='lat' dir='ltr'>quod</span> <span class='ocrx_word' id='word_1_25' title='bbox 1112 800 1214 868; x_wconf 89' lang='lat' dir='ltr'>ipse</span> <span class='ocrx_word' id='word_1_26' title='bbox 1239 816 1326 849; x_wconf 89' lang='lat' dir='ltr'>suo</span> <span class='ocrx_word' id='word_1_27' title='bbox 1355 798 1448 849; x_wconf 91' lang='lat' dir='ltr'>sub</span> <span class='ocrx_word' id='word_1_28' title='bbox 1474 799 1605 854; x_wconf 85' lang='lat' dir='ltr'>coelo</span> 
     </span>
     <span class='ocr_line' id='line_1_6' title="bbox 183 904 1605 975; baseline 0 -21"><span class='ocrx_word' id='word_1_29' title='bbox 183 904 383 968; x_wconf 83' lang='lat' dir='ltr'><strong>discere,</strong></span> <span class='ocrx_word' id='word_1_30' title='bbox 409 923 595 974; x_wconf 88' lang='lat' dir='ltr'>suoque</span> <span class='ocrx_word' id='word_1_31' title='bbox 619 906 838 974; x_wconf 89' lang='lat' dir='ltr'>proferre</span> <span class='ocrx_word' id='word_1_32' title='bbox 862 924 1000 956; x_wconf 90' lang='lat' dir='ltr'>more</span> <span class='ocrx_word' id='word_1_33' title='bbox 1020 925 1119 956; x_wconf 92' lang='lat' dir='ltr'>non</span> <span class='ocrx_word' id='word_1_34' title='bbox 1144 906 1325 975; x_wconf 79' lang='lat' dir='ltr'>potuit,</span> <span class='ocrx_word' id='word_1_35' title='bbox 1360 907 1517 954; x_wconf 84' lang='lat' dir='ltr'>victas</span> <span class='ocrx_word' id='word_1_36' title='bbox 1542 904 1605 954; x_wconf 89' lang='lat' dir='ltr'>do</span> 
     </span>
     <span class='ocr_line' id='line_1_7' title="bbox 183 1013 1606 1073; baseline -0.001 -11"><span class='ocrx_word' id='word_1_37' title='bbox 183 1029 377 1062; x_wconf 88' lang='lat' dir='ltr'>manus.</span> <span class='ocrx_word' id='word_1_38' title='bbox 452 1014 528 1063; x_wconf 84' lang='lat' dir='ltr'>At</span> <span class='ocrx_word' id='word_1_39' title='bbox 560 1013 687 1062; x_wconf 88' lang='lat' dir='ltr'>nihil</span> <span class='ocrx_word' id='word_1_40' title='bbox 728 1014 828 1063; x_wconf 86' lang='lat' dir='ltr'>tale</span> <span class='ocrx_word' id='word_1_41' title='bbox 865 1021 1201 1063; x_wconf 90' lang='lat' dir='ltr'>monstratum</span> <span class='ocrx_word' id='word_1_42' title='bbox 1239 1022 1346 1073; x_wconf 78' lang='lat' dir='ltr'>est3</span> <span class='ocrx_word' id='word_1_43' title='bbox 1387 1020 1473 1061; x_wconf 87' lang='lat' dir='ltr'>aut</span> <span class='ocrx_word' id='word_1_44' title='bbox 1510 1030 1606 1061; x_wconf 89' lang='lat' dir='ltr'>un-</span> 
     </span>
     <span class='ocr_line' id='line_1_8' title="bbox 182 1119 1605 1189; baseline -0.002 -19"><span class='ocrx_word' id='word_1_45' title='bbox 182 1122 337 1189; x_wconf 65' lang='lat' dir='ltr'>quam</span> <span class='ocrx_word' id='word_1_46' title='bbox 378 1120 755 1171; x_wconf 81' lang='lat' dir='ltr'>monstrabitur.</span> <span class='ocrx_word' id='word_1_47' title='bbox 830 1121 1013 1180; x_wconf 77' lang='lat' dir='ltr'>Quum</span> <span class='ocrx_word' id='word_1_48' title='bbox 1047 1120 1167 1169; x_wconf 89' lang='lat' dir='ltr'>dicit</span> <span class='ocrx_word' id='word_1_49' title='bbox 1192 1119 1444 1185; x_wconf 85' lang='lat' dir='ltr'>Laingius</span> <span class='ocrx_word' id='word_1_50' title='bbox 1471 1136 1605 1167; x_wconf 90' lang='lat' dir='ltr'>com-</span> 
     </span>
     <span class='ocr_line' id='line_1_9' title="bbox 181 1225 1603 1294; baseline -0.003 -17"><span class='ocrx_word' id='word_1_51' title='bbox 181 1228 495 1294; x_wconf 81' lang='lat' dir='ltr'>parationem</span> <span class='ocrx_word' id='word_1_52' title='bbox 521 1227 806 1277; x_wconf 78' lang='lat' dir='ltr'>carminum</span> <span class='ocrx_word' id='word_1_53' title='bbox 829 1243 949 1276; x_wconf 83' lang='lat' dir='ltr'>eum</span> <span class='ocrx_word' id='word_1_54' title='bbox 973 1225 1261 1276; x_wconf 88' lang='lat' dir='ltr'>Geniorum</span> <span class='ocrx_word' id='word_1_55' title='bbox 1285 1225 1603 1293; x_wconf 65' lang='lat' dir='ltr'>symphonia,</span> 
     </span>
     <span class='ocr_line' id='line_1_10' title="bbox 180 1328 1605 1399; baseline -0.003 -18"><span class='ocrx_word' id='word_1_56' title='bbox 180 1333 452 1381; x_wconf 90' lang='lat' dir='ltr'>colentium</span> <span class='ocrx_word' id='word_1_57' title='bbox 493 1332 649 1393; x_wconf 87' lang='lat' dir='ltr'>colles,</span> <span class='ocrx_word' id='word_1_58' title='bbox 690 1347 944 1399; x_wconf 86' lang='lat' dir='ltr'>quamque</span> <span class='ocrx_word' id='word_1_59' title='bbox 991 1331 1202 1396; x_wconf 83' lang='lat' dir='ltr'>legimus</span> <span class='ocrx_word' id='word_1_60' title='bbox 1251 1328 1605 1396; x_wconf 73' lang='lat' dir='ltr'>Phingaleidos</span> 
     </span>
     <span class='ocr_line' id='line_1_11' title="bbox 180 1435 1604 1500; baseline -0.003 -12"><span class='ocrx_word' id='word_1_61' title='bbox 180 1436 248 1488; x_wconf 88' lang='lat' dir='ltr'>L.</span> <span class='ocrx_word' id='word_1_62' title='bbox 270 1437 335 1487; x_wconf 88' lang='lat' dir='ltr'>V.</span> <span class='ocrx_word' id='word_1_63' title='bbox 362 1437 650 1487; x_wconf 88' lang='lat' dir='ltr'>traductam</span> <span class='ocrx_word' id='word_1_64' title='bbox 688 1436 836 1486; x_wconf 84' lang='lat' dir='ltr'>fuisse</span> <span class='ocrx_word' id='word_1_65' title='bbox 875 1454 932 1485; x_wconf 80' lang='lat' dir='ltr'>ex</span> <span class='ocrx_word' id='word_1_66' title='bbox 971 1435 1206 1500; x_wconf 78' lang='lat' dir='ltr'>Mistono,</span> <span class='ocrx_word' id='word_1_67' title='bbox 1250 1437 1408 1486; x_wconf 89' lang='lat' dir='ltr'>risum</span> <span class='ocrx_word' id='word_1_68' title='bbox 1434 1444 1604 1485; x_wconf 82' lang='lat' dir='ltr'>movet</span> 
     </span>
     <span class='ocr_line' id='line_1_12' title="bbox 180 1542 1604 1611; baseline -0.001 -19"><span class='ocrx_word' id='word_1_69' title='bbox 180 1545 287 1594; x_wconf 88' lang='lat' dir='ltr'>viro</span> <span class='ocrx_word' id='word_1_70' title='bbox 315 1543 601 1594; x_wconf 89' lang='lat' dir='ltr'>Caledonio.</span> <span class='ocrx_word' id='word_1_71' title='bbox 677 1542 827 1594; x_wconf 87' lang='lat' dir='ltr'>Haec</span> <span class='ocrx_word' id='word_1_72' title='bbox 852 1546 991 1592; x_wconf 76' lang='lat' dir='ltr'>enim</span> <span class='ocrx_word' id='word_1_73' title='bbox 1016 1544 1265 1611; x_wconf 84' lang='lat' dir='ltr'>popularis</span> <span class='ocrx_word' id='word_1_74' title='bbox 1292 1542 1464 1591; x_wconf 87' lang='lat' dir='ltr'>fabula</span> <span class='ocrx_word' id='word_1_75' title='bbox 1488 1559 1604 1592; x_wconf 91' lang='lat' dir='ltr'>nos-</span> 
     </span>
     <span class='ocr_line' id='line_1_13' title="bbox 180 1648 1603 1717; baseline -0.001 -19"><span class='ocrx_word' id='word_1_76' title='bbox 180 1650 268 1699; x_wconf 86' lang='lat' dir='ltr'>tris</span> <span class='ocrx_word' id='word_1_77' title='bbox 293 1650 371 1698; x_wconf 86' lang='lat' dir='ltr'>vel</span> <span class='ocrx_word' id='word_1_78' title='bbox 396 1650 537 1717; x_wconf 90' lang='lat' dir='ltr'>lippis</span> <span class='ocrx_word' id='word_1_79' title='bbox 563 1657 612 1698; x_wconf 86' lang='lat' dir='ltr'>et</span> <span class='ocrx_word' id='word_1_80' title='bbox 636 1648 933 1711; x_wconf 85' lang='lat' dir='ltr'>tonsoribus,</span> <span class='ocrx_word' id='word_1_81' title='bbox 960 1649 1083 1716; x_wconf 89' lang='lat' dir='ltr'>quin</span> <span class='ocrx_word' id='word_1_82' title='bbox 1109 1657 1158 1697; x_wconf 88' lang='lat' dir='ltr'>et</span> <span class='ocrx_word' id='word_1_83' title='bbox 1200 1648 1379 1697; x_wconf 86' lang='lat' dir='ltr'>vetulis</span> <span class='ocrx_word' id='word_1_84' title='bbox 1419 1657 1490 1697; x_wconf 87' lang='lat' dir='ltr'>est</span> <span class='ocrx_word' id='word_1_85' title='bbox 1514 1666 1603 1697; x_wconf 87' lang='lat' dir='ltr'>no-</span> 
     </span>
     <span class='ocr_line' id='line_1_14' title="bbox 179 1753 1602 1823; baseline -0.001 -19"><span class='ocrx_word' id='word_1_86' title='bbox 179 1756 386 1817; x_wconf 83' lang='lat' dir='ltr'>tissima⁷</span> <span class='ocrx_word' id='word_1_87' title='bbox 403 1772 530 1823; x_wconf 87' lang='lat' dir='ltr'>quae</span> <span class='ocrx_word' id='word_1_88' title='bbox 547 1773 638 1803; x_wconf 89' lang='lat' dir='ltr'>nec</span> <span class='ocrx_word' id='word_1_89' title='bbox 663 1753 947 1804; x_wconf 85' lang='lat' dir='ltr'>Miltonum</span> <span class='ocrx_word' id='word_1_90' title='bbox 963 1755 1177 1802; x_wconf 78' lang='lat' dir='ltr'>extitisse</span> <span class='ocrx_word' id='word_1_91' title='bbox 1201 1755 1401 1803; x_wconf 69' lang='lat' dir='ltr'>norunt.</span> <span class='ocrx_word' id='word_1_92' title='bbox 1443 1753 1602 1817; x_wconf 86' lang='lat' dir='ltr'>Hinc,</span> 
     </span>
     <span class='ocr_line' id='line_1_15' title="bbox 181 1860 1602 1930; baseline -0.001 -20"><span class='ocrx_word' id='word_1_93' title='bbox 181 1862 267 1930; x_wconf 91' lang='lat' dir='ltr'>qui</span> <span class='ocrx_word' id='word_1_94' title='bbox 295 1860 477 1910; x_wconf 87' lang='lat' dir='ltr'>talibus</span> <span class='ocrx_word' id='word_1_95' title='bbox 503 1868 798 1928; x_wconf 82' lang='lat' dir='ltr'>oppugnant</span> <span class='ocrx_word' id='word_1_96' title='bbox 822 1860 978 1909; x_wconf 86' lang='lat' dir='ltr'>nostri</span> <span class='ocrx_word' id='word_1_97' title='bbox 1002 1867 1176 1928; x_wconf 72' lang='lat' dir='ltr'>poetae</span> <span class='ocrx_word' id='word_1_98' title='bbox 1202 1861 1356 1910; x_wconf 86' lang='lat' dir='ltr'>altam</span> <span class='ocrx_word' id='word_1_99' title='bbox 1380 1868 1602 1910; x_wconf 85' lang='lat' dir='ltr'>vetusta-</span> 
     </span>
     <span class='ocr_line' id='line_1_16' title="bbox 178 1966 1602 2033; baseline 0 -16"><span class='ocrx_word' id='word_1_100' title='bbox 178 1976 298 2030; x_wconf 85' lang='lat' dir='ltr'>tem,</span> <span class='ocrx_word' id='word_1_101' title='bbox 326 1966 387 2016; x_wconf 90' lang='lat' dir='ltr'>ad</span> <span class='ocrx_word' id='word_1_102' title='bbox 412 1984 552 2015; x_wconf 87' lang='lat' dir='ltr'>mera</span> <span class='ocrx_word' id='word_1_103' title='bbox 577 1967 876 2032; x_wconf 81' lang='lat' dir='ltr'>confugiunt</span> <span class='ocrx_word' id='word_1_104' title='bbox 901 1966 1177 2033; x_wconf 76' lang='lat' dir='ltr'>figmenta3</span> <span class='ocrx_word' id='word_1_105' title='bbox 1203 1985 1312 2016; x_wconf 85' lang='lat' dir='ltr'>rem</span> <span class='ocrx_word' id='word_1_106' title='bbox 1327 1985 1428 2017; x_wconf 89' lang='lat' dir='ltr'>non</span> <span class='ocrx_word' id='word_1_107' title='bbox 1451 1969 1602 2017; x_wconf 88' lang='lat' dir='ltr'>attin-</span> 
     </span>
     <span class='ocr_line' id='line_1_17' title="bbox 177 2072 1601 2143; baseline 0 -19"><span class='ocrx_word' id='word_1_108' title='bbox 177 2082 322 2140; x_wconf 84' lang='lat' dir='ltr'>gunt,</span> <span class='ocrx_word' id='word_1_109' title='bbox 361 2075 535 2143; x_wconf 76' lang='lat' dir='ltr'>utpote</span> <span class='ocrx_word' id='word_1_110' title='bbox 576 2074 680 2142; x_wconf 84' lang='lat' dir='ltr'>qui,</span> <span class='ocrx_word' id='word_1_111' title='bbox 707 2074 901 2140; x_wconf 84' lang='lat' dir='ltr'>longius</span> <span class='ocrx_word' id='word_1_112' title='bbox 941 2073 1161 2140; x_wconf 83' lang='lat' dir='ltr'>digressi,</span> <span class='ocrx_word' id='word_1_113' title='bbox 1200 2072 1495 2124; x_wconf 86' lang='lat' dir='ltr'>Phaetontis</span> <span class='ocrx_word' id='word_1_114' title='bbox 1543 2083 1601 2124; x_wconf 87' lang='lat' dir='ltr'>ut</span> 
     </span>
    </p>
   </div>
   <div class='ocr_carea' id='block_1_3' title="bbox 179 2182 1226 2250">
    <p class='ocr_par' dir='ltr' id='par_1_3' title="bbox 179 2182 1226 2250">
     <span class='ocr_line' id='line_1_18' title="bbox 179 2182 1226 2250; baseline 0 -19"><span class='ocrx_word' id='word_1_115' title='bbox 179 2182 310 2250; x_wconf 85' lang='lat' dir='ltr'>equi,</span> <span class='ocrx_word' id='word_1_116' title='bbox 334 2198 583 2248; x_wconf 82' lang='lat' dir='ltr'>magnum</span> <span class='ocrx_word' id='word_1_117' title='bbox 606 2199 693 2250; x_wconf 88' lang='lat' dir='ltr'>per</span> <span class='ocrx_word' id='word_1_118' title='bbox 718 2182 868 2231; x_wconf 88' lang='lat' dir='ltr'>inane</span> <span class='ocrx_word' id='word_1_119' title='bbox 894 2182 1226 2250; x_wconf 74' lang='lat' dir='ltr'>expatiantur.</span> 
     </span>
    </p>
   </div>
   <div class='ocr_carea' id='block_1_4' title="bbox 176 2391 1602 2680">
    <p class='ocr_par' dir='ltr' id='par_1_4' title="bbox 176 2391 1602 2680">
     <span class='ocr_line' id='line_1_19' title="bbox 246 2391 1602 2464; baseline 0.002 -22"><span class='ocrx_word' id='word_1_120' title='bbox 246 2391 281 2442; x_wconf 88' lang='lat' dir='ltr'>J</span> <span class='ocrx_word' id='word_1_121' title='bbox 286 2396 457 2464; x_wconf 88' lang='lat' dir='ltr'>amqui</span> <span class='ocrx_word' id='word_1_122' title='bbox 482 2396 609 2459; x_wconf 84' lang='lat' dir='ltr'>vale,</span> <span class='ocrx_word' id='word_1_123' title='bbox 626 2396 698 2446; x_wconf 92' lang='lat' dir='ltr'>mi</span> <span class='ocrx_word' id='word_1_124' title='bbox 724 2394 946 2462; x_wconf 83' lang='lat' dir='ltr'>Laingi:</span> <span class='ocrx_word' id='word_1_125' title='bbox 976 2396 1015 2445; x_wconf 91' lang='lat' dir='ltr'>si</span> <span class='ocrx_word' id='word_1_126' title='bbox 1041 2395 1142 2445; x_wconf 77' lang='lat' dir='ltr'>fors</span> <span class='ocrx_word' id='word_1_127' title='bbox 1163 2395 1456 2463; x_wconf 79' lang='lat' dir='ltr'>resipueris3</span> <span class='ocrx_word' id='word_1_128' title='bbox 1482 2396 1522 2444; x_wconf 90' lang='lat' dir='ltr'>si</span> <span class='ocrx_word' id='word_1_129' title='bbox 1550 2404 1602 2445; x_wconf 90' lang='lat' dir='ltr'>te</span> 
     </span>
     <span class='ocr_line' id='line_1_20' title="bbox 178 2501 1600 2569; baseline 0.002 -20"><span class='ocrx_word' id='word_1_130' title='bbox 178 2501 460 2569; x_wconf 81' lang='lat' dir='ltr'>poeniteat3</span> <span class='ocrx_word' id='word_1_131' title='bbox 494 2503 534 2551; x_wconf 91' lang='lat' dir='ltr'>si</span> <span class='ocrx_word' id='word_1_132' title='bbox 558 2520 705 2552; x_wconf 90' lang='lat' dir='ltr'>reum</span> <span class='ocrx_word' id='word_1_133' title='bbox 728 2511 832 2552; x_wconf 90' lang='lat' dir='ltr'>tete</span> <span class='ocrx_word' id='word_1_134' title='bbox 859 2502 1144 2565; x_wconf 62' lang='lat' dir='ltr'>confiteare,</span> <span class='ocrx_word' id='word_1_135' title='bbox 1179 2502 1251 2551; x_wconf 85' lang='lat' dir='ltr'>fas</span> <span class='ocrx_word' id='word_1_136' title='bbox 1277 2501 1373 2552; x_wconf 77' lang='lat' dir='ltr'>tibi</span> <span class='ocrx_word' id='word_1_137' title='bbox 1397 2520 1600 2553; x_wconf 91' lang='lat' dir='ltr'>mecum</span> 
     </span>
     <span class='ocr_line' id='line_1_21' title="bbox 176 2606 1602 2680; baseline 0.004 -26"><span class='ocrx_word' id='word_1_138' title='bbox 176 2606 230 2656; x_wconf 91' lang='lat' dir='ltr'>in</span> <span class='ocrx_word' id='word_1_139' title='bbox 257 2607 533 2658; x_wconf 85' lang='lat' dir='ltr'>amicitiam</span> <span class='ocrx_word' id='word_1_140' title='bbox 558 2609 707 2659; x_wconf 87' lang='lat' dir='ltr'>coire.</span> <span class='ocrx_word' id='word_1_141' title='bbox 759 2609 991 2660; x_wconf 88' lang='lat' dir='ltr'>Solemne</span> <span class='ocrx_word' id='word_1_142' title='bbox 1007 2627 1228 2679; x_wconf 89' lang='lat' dir='ltr'>namque</span> <span class='ocrx_word' id='word_1_143' title='bbox 1249 2608 1363 2673; x_wconf 85' lang='lat' dir='ltr'>fuit,</span> <span class='ocrx_word' id='word_1_144' title='bbox 1373 2609 1602 2680; x_wconf 78' lang='lat' dir='ltr'>adeoque</span> 
     </span>
    </p>
   </div>
   <div class='ocr_carea' id='block_1_5' title="bbox 176 2712 625 2780">
    <p class='ocr_par' dir='ltr' id='par_1_5' title="bbox 176 2712 625 2780">
     <span class='ocr_line' id='line_1_22' title="bbox 176 2712 625 2780; baseline 0.002 -16"><span class='ocrx_word' id='word_1_145' title='bbox 176 2721 248 2764; x_wconf 88' lang='lat' dir='ltr'>est</span> <span class='ocrx_word' id='word_1_146' title='bbox 275 2712 625 2780; x_wconf 78' lang='lat' dir='ltr'>CaledonibUS‚</span> 
     </span>
    </p>
   </div>
   <div class='ocr_carea' id='block_1_6' title="bbox 428 2819 1278 2870">
    <p class='ocr_par' dir='ltr' id='par_1_6' title="bbox 428 2819 1278 2870">
     <span class='ocr_line' id='line_1_23' title="bbox 428 2819 1278 2870; baseline 0.002 -15"><span class='ocrx_word' id='word_1_147' title='bbox 428 2819 589 2856; x_wconf 84' lang='lat' dir='ltr'>Parcere</span> <span class='ocrx_word' id='word_1_148' title='bbox 609 2819 800 2868; x_wconf 82' lang='lat' dir='ltr'>subjectis,</span> <span class='ocrx_word' id='word_1_149' title='bbox 821 2827 859 2858; x_wconf 90' lang='lat' dir='ltr'>et</span> <span class='ocrx_word' id='word_1_150' title='bbox 878 2820 1068 2858; x_wconf 76' lang='lat' dir='ltr'>debellare</span> <span class='ocrx_word' id='word_1_151' title='bbox 1086 2820 1278 2870; x_wconf 74' lang='lat' dir='ltr'>superbos.</span> 
     </span>
    </p>
   </div>
  </div>
 </body>
</html>
