1936 3203
230 278 329 312 ΜΒ.
357 278 389 310 1.
611 277 724 311 SIVE
750 274 1004 310 HIBERNIA
1031 272 1302 306 LIBERATA.
1574 258 1639 306 83

236 450 373 499 Cum
400 449 481 500 Sol
506 458 576 498 est
597 449 742 510 coelo,
768 447 948 497 virides
970 448 1087 495 cum
1113 445 1318 513 despicit
1345 462 1501 510 agros,

230 545 528 613 Umbraque
547 543 677 592 radit
697 544 790 592 iter
806 544 959 605 clivis,
982 542 1283 610 zephyrique
1301 547 1572 608 tepescunt,

231 639 388 690 Nunc
414 658 518 705 age,
544 638 847 702 Phoenaide,
874 639 972 687 leni
995 656 1131 687 nunc
1154 637 1325 705 pollice
1349 653 1524 684 nervos
1543 636 1643 686 585

230 736 452 801 Argutos
476 735 645 803 pulsa3
673 733 962 800 Bragellam
982 734 1200 795 concine,
1225 732 1508 800 nympham

231 829 438 881 Pectore
463 830 710 892 candenti,
735 830 1034 898 nympham,
1059 827 1392 879 Dunscacidis
1419 826 1559 875 aedes

231 924 376 975 Luce
400 934 712 975 serenantem
737 927 903 975 vultus
929 926 1181 993 oculisque
1205 922 1451 988 benignis,

231 1022 406 1081 Quam
429 1022 593 1070 tenuit
618 1022 807 1090 populis
841 1020 1149 1088 ducibusque
1174 1017 1403 1067 habitata
1427 1016 1648 1084 superbis

231 1115 421 1177 Insula,
447 1116 565 1164 cum
590 1124 777 1164 memet
802 1114 1023 1164 dederim
1041 1112 1134 1162 sub
1150 1113 1313 1160 littore
1329 1118 1478 1158 vento
1498 1131 1510 1169 3
1546 1112 1649 1162 589

233 1212 505 1280 Quamque
529 1212 673 1273 mihi,
700 1210 883 1260 decoris
910 1210 1164 1277 primaevo
1188 1205 1310 1255 flore
1335 1206 1602 1268 virentem,

239 1304 461 1355 Moribus
488 1315 536 1355 et
562 1307 774 1367 facilem,
800 1304 1004 1354 sociavit
1030 1302 1199 1352 foedus
1226 1301 1421 1350 amoris.

304 1401 353 1451 E
372 1403 567 1470 scopulo
592 1399 824 1469 nunquid
849 1400 1049 1448 vultum
1074 1396 1326 1466 protendis
1351 1397 1634 1457 honestum,

235 1497 405 1547 Sicubi
429 1498 690 1564 prospicias
715 1513 912 1545 summo
937 1513 1051 1544 mea
1076 1493 1280 1543 carbasa
1304 1491 1493 1560 ponto?

233 1591 313 1640 Te
338 1592 462 1640 fallit
487 1593 672 1659 pietas3
699 1593 851 1640 solam
866 1608 1087 1658 namque
1115 1589 1285 1656 aspicis
1301 1586 1520 1636 undam:
1547 1588 1650 1639 594

237 1687 483 1755 Spumeus
510 1687 645 1736 haud
669 1686 853 1736 fluctus
869 1687 986 1735 ratis
1007 1693 1095 1747 est,
1123 1702 1277 1753 quam
1301 1692 1407 1732 tota
1426 1684 1647 1751 requiris.

235 1781 322 1832 Tu
348 1782 493 1831 modo
519 1781 634 1831 cede
658 1782 787 1830 loco:
817 1799 912 1831 nox
933 1790 1004 1830 est
1025 1802 1039 1841 ;
1065 1790 1155 1830 tua
1177 1789 1403 1847 tempora
1427 1779 1617 1827 circum

236 1879 383 1927 Aura
408 1878 577 1926 fremit
602 1877 784 1926 montis
810 1876 971 1942 rigidi.
1048 1873 1171 1924 Non
1197 1875 1299 1942 ipse
1324 1881 1562 1935 revertar,

237 1972 385 2023 Dum
411 1990 583 2022 saevus
609 1972 724 2023 belli
750 1990 923 2041 campo
949 1971 1223 2021 subsederit
1250 1978 1424 2020 aestus.

238 2068 408 2119 Fortia
434 2070 463 2100 ³¹⁶
489 2068 584 2131 dic,
611 2069 747 2118 fortis
776 2067 973 2117 Connal
994 2088 1008 2126 ;
1048 2084 1202 2136 quam
1223 2065 1367 2115 corde
1392 2066 1568 2133 recepi,

236 2163 415 2214 Mente
431 2164 615 2230 abigaS,
633 2182 731 2226 oro,
758 2171 1050 2229 generatam
1071 2162 1314 2227 sanguine
1338 2178 1532 2226 regum,
1550 2159 1654 2211 600

238 2258 514 2326 Egregiam
538 2260 699 2310 forma
723 2278 952 2329 sponsam
975 2259 1217 2327 flavisque
1242 2257 1441 2325 capillis,

240 2354 465 2420 Sorglani
488 2355 718 2416 sobolem,
741 2356 877 2404 fama
901 2372 1046 2423 super
1063 2353 1264 2402 aethera
1281 2352 1402 2401 noti.

309 2449 437 2499 Inde
461 2450 617 2501 bonus
646 2450 868 2501 Connal:
898 2451 1091 2516 sylvam
1112 2447 1334 2498 custodia
1359 2447 1501 2496 solers

241 2543 484 2613 Occupet,
512 2564 567 2595 ac
592 2547 764 2597 caveat
789 2564 852 2596 ne
877 2544 998 2615 quid
1019 2544 1325 2594 meditentur
1351 2542 1584 2610 iniquum

853 2688 875 2710 ὃ*
905 2685 1005 2722 Nota
1021 2684 1044 2720 l.
