1936 3203
318 235 423 284 210
759 248 917 284 NoTAE
956 248 1012 282 IN
1052 249 1150 282 Lm.
1191 249 1247 283 11.

321 410 434 449 Hinc
456 405 581 449 etiam
604 409 716 463 apud
738 423 882 449 omnes
902 411 1012 464 pene
1034 418 1182 465 gentes
1202 410 1405 464 pleraque
1426 410 1534 459 Diis,
1560 411 1692 450 Geni.

322 490 422 539 isve,
442 497 562 529 erant
592 489 780 542 repleta:
812 496 939 544 atque
960 489 1021 529 illi
1042 489 1094 529 ad
1116 489 1333 529 hominum
1367 503 1557 529 normam
1590 490 1691 529 boni

320 568 506 622 malique
527 567 819 622 fingebantur3
850 568 1055 609 similibus
1076 568 1325 609 dicebantur
1355 567 1477 622 fungi
1506 569 1693 608 muneri-

320 647 425 696 bus;
455 645 659 686 similibus
681 646 928 687 colebantur
948 647 1125 696 ritibus;
1156 647 1254 687 diris
1275 647 1531 687 cruciatibus
1566 656 1691 700 atque

323 724 552 774 sacrificiis,
572 726 606 764 si
627 725 886 766 crudeliores
904 735 1174 780 putarentur;
1198 726 1376 780 hymnis,
1397 726 1571 777 musice,
1592 726 1694 767 cho-

323 804 418 854 reis,
439 804 472 843 si
494 803 732 844 alacriores.

954 930 1003 969 C.

375 1005 612 1046 Defunctas
633 1008 879 1061 corporibus
900 1009 1059 1048 animas
1080 1007 1360 1062 opinabantur
1391 1007 1580 1047 Ossianis
1611 1010 1692 1049 Po-

321 1087 489 1140 pulares
506 1087 566 1126 nil
580 1087 758 1141 amplius
772 1087 824 1126 ad
840 1102 891 1127 ea
907 1087 1058 1137 valere,
1076 1102 1183 1140 quae
1196 1087 1361 1127 fortiter
1377 1088 1561 1141 agebant
1576 1087 1691 1129 olim.

322 1166 483 1204 Ventos
504 1174 862 1219 tempestatesque
883 1167 1203 1207 commovebant
1223 1166 1316 1207 hae.
1375 1166 1503 1211 Quod
1535 1167 1588 1207 ad
1616 1167 1695 1208 hu-

322 1258 445 1283 mana
466 1246 631 1294 attinet,
649 1245 758 1298 pent}
779 1254 946 1299 torpere
967 1245 1330 1300 intelligebantur.

988 1394 1041 1432 1).

381 1485 415 1524 E
436 1484 804 1538 superstitionibus
825 1484 938 1538 vulgi
959 1494 1086 1538 caput
1106 1487 1263 1525 exserit
1283 1487 1484 1527 Ossianes
1506 1503 1516 1536 3
1551 1496 1696 1540 satque

329 1564 540 1619 significat
560 1578 644 1603 non
666 1563 715 1602 iis
736 1578 779 1603 se
800 1563 979 1604 multum
998 1565 1148 1604 teneri.
1208 1565 1450 1613 Caeterum,
1465 1574 1513 1605 ut
1527 1566 1699 1619 ubique,

324 1643 463 1683 reddit
483 1643 553 1682 hic
575 1643 729 1694 cuique
751 1644 1068 1683 convenientia:
1101 1644 1298 1698 providus
1320 1653 1383 1684 est
1405 1644 1585 1696 Connal,
1605 1647 1697 1687 bel-

325 1723 510 1774 lumque,
530 1724 614 1762 suis
636 1723 935 1776 perniciosum,
957 1723 1096 1763 studet
1116 1733 1302 1763 avertere
1324 1740 1334 1772 3
1363 1723 1461 1764 inde
1483 1726 1618 1778 magis
1633 1734 1697 1764 est

326 1801 534 1840 credulus.
582 1802 716 1841 Totus
736 1802 776 1840 in
797 1803 920 1841 armis
938 1811 1000 1841 est
1019 1801 1262 1851 Cuchullin,
1280 1802 1545 1854 maximeque
1567 1801 1698 1857 gloria

327 1880 523 1929 ducitur3
558 1881 668 1932 quod
690 1881 859 1932 quidem
882 1880 1098 1920 hominum
1121 1895 1255 1934 genus
1289 1881 1355 1920 vix
1389 1895 1572 1933 unquam
1594 1885 1697 1924 vana

326 1960 622 2013 superstitione
643 1961 838 2000 irretitur.

991 2134 1038 2173 E.

382 2253 478 2291 Non
503 2251 594 2300 nisi,
614 2251 684 2302 qui
715 2256 787 2292 sua
815 2250 992 2291 excellit
1027 2259 1128 2300 arte,
1164 2251 1424 2290 discriminat
1461 2264 1568 2303 quae
1604 2260 1699 2290 sunt

326 2331 548 2371 simillima.
605 2331 723 2370 Talis
744 2340 969 2384 tantusque
998 2329 1246 2370 describitur
1267 2329 1511 2379 Cuchulliu,
1528 2339 1575 2370 ut
1596 2329 1698 2369 nihil
1733 2328 1736 2332 ’

326 2425 376 2450 eo
413 2409 547 2464 majus
578 2411 811 2464 excogitari
847 2424 968 2463 posse
1006 2409 1208 2450 videatur.
1267 2410 1480 2458 Attamen,
1512 2409 1622 2449 haud
1658 2411 1698 2449 ei

328 2490 426 2541 quid
449 2488 687 2538 detrahens,
709 2472 842 2528 alium¹
859 2497 1021 2528 nostros
1041 2498 1138 2528 ante
1169 2488 1312 2528 oculos
1343 2489 1464 2541 ponit
1499 2489 1698 2528 Ossianes

327 2568 454 2607 heroa
471 2569 595 2621 longe
613 2568 974 2622 praestantiorem.
1033 2563 1181 2607 Nescit
1196 2567 1424 2608 Cuchullin
1442 2576 1607 2621 tergum
1622 2569 1697 2607 ob-

325 2660 499 2696 vertere,
521 2648 617 2699 quia
638 2657 802 2687 veretur
823 2662 867 2687 os
888 2646 1120 2701 Phingal'1s‚
1142 2648 1183 2688 in
1202 2662 1284 2701 quo
1302 2647 1502 2701 quidquid
1524 2657 1586 2687 est
1615 2649 1694 2688 vir-

324 2727 437 2770 tutis,
460 2742 533 2767 suo
553 2737 750 2779 tanquam
772 2726 888 2768 fonte
910 2727 1170 2781 speculoque
1189 2728 1335 2777 visum,
1357 2727 1593 2768 admiratur⁰
