1936 3203
302 257 406 307 202
767 268 928 304 NOTAE
954 268 1010 302 IN
1037 267 1138 302 ΜΒ.
1167 268 1201 301 1.

360 523 556 573 Ga'e‘lica,
576 536 648 562 seu
670 521 836 561 Celtica
857 536 936 561 vox
958 522 1077 572 haec,
1099 523 1262 570 Moran,
1291 521 1503 575 significat
1535 520 1676 560 multi-

303 603 492 644 tudinem
515 618 522 642 :
555 615 795 655 nomenque
832 609 895 640 est
922 601 1008 641 fors
1037 600 1201 656 poetice
1227 600 1405 640 inditum
1439 599 1585 639 timido
1606 599 1674 639 lit-

303 685 403 724 toris
425 684 634 736 marisque
654 681 928 735 exploratori.

959 829 1013 870 D.

359 925 440 963 Pro
469 921 630 978 cyathis
652 920 837 975 Majores
850 921 979 961 nostri
999 921 1250 975 quibusdam
1269 921 1421 975 patulis
1443 921 1671 962 utebantur

302 1003 472 1044 marinis
503 1002 704 1051 conchis3
727 1010 853 1055 atque
875 1000 985 1040 hunc
1011 1015 1170 1041 morem
1202 1001 1254 1041 ad
1287 1001 1434 1041 ultima
1464 1009 1683 1042 servatum·

302 1093 491 1138 tempora
511 1082 703 1123 vidimus.

961 1230 1009 1269 E.

355 1320 450 1360 Fuit
482 1321 640 1359 Suaren
681 1318 896 1358 Starnonis
931 1318 1055 1366 filius,
1087 1331 1249 1372 rexque
1286 1317 1516 1366 Lochlinis‚
1563 1332 1672 1372 quae

303 1400 432 1455 plaga
452 1408 514 1440 est
530 1397 850 1439 Scandinaviae.
912 1398 1071 1438 Caesus
1092 1407 1156 1438 est
1175 1413 1199 1438 a
1227 1398 1399 1448 Gramo,
1433 1399 1671 1438 Norveciae

300 1479 510 1535 principe,
526 1479 599 1533 qui
612 1478 735 1518 tertio
754 1477 924 1518 saeculo
941 1477 1052 1518 diem
1070 1477 1224 1518 obiisse
1241 1492 1484 1531 supremum
1502 1478 1669 1518 dicitur.

302 1559 399 1602 Vid.
428 1558 638 1608 Sumhius,
658 1572 795 1598 rerum
819 1558 931 1597 Dan.
956 1558 1158 1611 Scriptor.
1190 1559 1246 1597 V.
1272 1558 1300 1596 Ι.
1322 1571 1366 1611 p.
1387 1564 1451 1606 94,
1477 1558 1555 1598 διο.

958 1705 999 1746 F.

359 1800 512 1849 Selma,
545 1798 763 1852 Phingalis
798 1798 930 1851 regia,
957 1810 1067 1851 quae
1105 1796 1187 1836 alio
1219 1810 1390 1851 quoque
1426 1798 1596 1838 nomine
1618 1798 1669 1837 ab

300 1881 479 1921 Ossiane
500 1878 740 1932 appellatur
759 1878 919 1926 Taum,
951 1890 993 1917 et
1013 1891 1037 1917 a
1057 1877 1307 1931 quibusdam
1333 1878 1470 1917 Scotis
1491 1878 1668 1931 scripto-

300 1961 415 2000 ribus
436 1957 737 2012 Beregonium,
759 1957 958 2010 surgebat
982 1955 1004 1995 ὲ
1027 1955 1148 1995 dorso
1168 1956 1319 1996 tumuli
1354 1965 1521 2010 praeter
1549 1957 1670 2010 pela-

301 2054 406 2092 gus3
440 2037 707 2091 distabatque
730 2035 866 2090 aeque
887 2035 998 2089 pene
1031 2049 1056 2074 a
1089 2035 1282 2075 faucibus
1303 2035 1469 2075 sinuum
1484 2036 1604 2076 Etive
1621 2050 1669 2075 ac

300 2118 484 2167 Coenan,
503 2131 597 2157 eam
610 2114 884 2170 Argatheliae
898 2115 1216 2156 interluentium
1234 2114 1419 2169 plagam,
1431 2130 1541 2169 quae
1556 2130 1668 2157 nunc

301 2201 439 2239 Lorna
459 2197 649 2252 superior
666 2205 848 2237 vocatur.

959 2344 1013 2383 G.

353 2439 546 2487 Morven,
567 2437 733 2477 Scotiae
769 2450 860 2490 pars
883 2436 1078 2476 Occidua
1112 2445 1238 2491 atque
1258 2436 1544 2492 AquilonariS‚
1576 2451 1669 2478 aes-

299 2519 480 2559 tuarium
503 2517 674 2558 Glottae
695 2517 803 2556 inter
829 2516 1071 2570 fretumque
1093 2515 1353 2556 Orcadicum
1366 2515 1636 2556 concluditur
1654 2532 1665 2566 3

300 2597 558 2652 plagamque
592 2604 834 2636 montanam
869 2595 1165 2650 complectitur
1206 2594 1445 2635 Perthensis
1472 2595 1667 2650 praefec-

301 2687 431 2717 turae.
493 2676 708 2716 Montibus
728 2683 771 2715 et
786 2674 964 2715 vallibus
976 2673 1196 2728 profundis
1217 2673 1502 2715 intersecatur.
1547 2674 1664 2714 Mor-
