1936 3203
301 256 407 307 216
765 270 923 307 NoTAE
948 271 1005 306 IN
1030 271 1132 307 LIB.
1158 272 1238 308 111.

309 443 405 483 visis
427 450 562 483 morte
590 441 701 483 obita
733 444 879 498 figuris
900 459 983 485 non
1006 454 1070 486 est
1090 445 1346 499 dedignatus
1365 445 1610 500 opinionem
1629 445 1669 485 in

308 521 496 562 medium
516 521 690 571 afferre3
725 536 846 576 quae,
867 523 930 563 sin
951 537 1060 573 vera,
1079 523 1257 565 ferenda
1281 523 1429 564 saltem
1451 532 1540 564 erat
1553 539 1564 573 ;
1595 523 1674 562 mi-

311 599 512 654 rificeque
533 599 786 640 inserviebat
803 601 934 654 poesi.

970 749 1023 787 H.

366 872 531 913 Obtuso
551 873 603 912 sit
623 880 791 927 oportet
805 873 992 928 ingenio,
1011 874 1082 927 qui
1101 874 1270 915 brevem
1287 876 1394 916 hanc
1415 875 1677 930 nitidamque

312 951 574 1007 tempestatis
593 951 921 1006 descriptionem
943 967 1027 993 non
1047 952 1289 995 admiratur.

971 1101 1006 1140 Ι.

369 1225 438 1265 De
457 1224 601 1277 futura
622 1225 840 1280 Rliingalis
861 1226 1033 1267 victoria
1053 1241 1138 1267 non
1158 1228 1250 1282 ipse
1267 1228 1395 1279 animi
1412 1229 1681 1282 confidentis-

317 1304 444 1343 simus
466 1303 630 1344 dubitat
662 1304 831 1345 Calmar
850 1321 858 1345 :
891 1316 1013 1358 atque
1044 1306 1110 1346 vel
1145 1305 1242 1347 hinc
1275 1308 1434 1348 eminet
1466 1308 1679 1363 Phingalis

314 1381 457 1433 virtus,
478 1397 584 1436 quae
605 1383 658 1423 ab
678 1383 873 1424 omnibus
892 1384 1100 1429 laudatur.

972 1532 1026 1579 K.

372 1655 500 1699 Quod
524 1655 800 1696 committitur
821 1657 1002 1697 Connali
1025 1658 1263 1713 Carrilique
1283 1672 1451 1710 munim,
1481 1659 1598 1700 obire
1617 1660 1684 1701 vel

317 1735 408 1788 ipse
426 1735 564 1789 potuit
587 1735 735 1776 Carril.
793 1735 944 1776 Noluit
964 1746 1102 1778 tamen
1125 1739 1186 1778 vir
1213 1739 1365 1793 gravis,
1387 1739 1565 1789 Connal,
1587 1753 1684 1793 pro-

310 1811 447 1866 jicere
468 1814 650 1854 animam
671 1815 829 1869 absque
847 1815 934 1856 ullo
952 1817 1186 1856 commodo.
1246 1818 1369 1857 Haud
1384 1817 1511 1872 igitur
1526 1817 1686 1857 obstitit

320 1890 586 1931 Cuchullinis
605 1893 797 1947 imperio,
815 1909 939 1948 quem
958 1895 1082 1949 plane
1104 1896 1271 1935 videbat
1297 1906 1456 1936 certum
1477 1896 1684 1950 perdendi

323 1970 525 2021 Suarena,
545 1970 617 2010 ubi
637 1971 698 2027 vir
719 1972 806 2012 viro
836 1975 1179 2028 congrederetur,
1212 1985 1283 2014 aut
1306 1976 1455 2016 mediis
1477 1975 1685 2030 pereundi

319 2047 517 2090 hostibus.

978 2204 1026 2249 L.

377 2327 481 2367 Ruit
500 2326 558 2369 vis
579 2340 732 2382 expers
751 2328 934 2369 concilii.
975 2328 1205 2383 Praecipiti
1225 2337 1315 2368 erat
1334 2328 1473 2368 animo
1489 2327 1685 2382 Calmar3.

323 2419 536 2460 caecoque
563 2407 783 2462 pugnabat
827 2409 991 2448 Marte:
1037 2407 1278 2457 vulneribus
1318 2421 1420 2461 ergo
1466 2407 1686 2448 confectus

324 2485 457 2535 obiit3
489 2498 566 2525 nec
608 2485 837 2545 quidquam
871 2486 998 2542 tantis
1030 2485 1205 2540 dignum
1241 2486 1455 2539 promissis
1491 2495 1533 2526 et
1567 2485 1683 2534 hiatu

326 2564 498 2620 gessisse
517 2564 661 2606 fertur.
